%YAML 1.1
%TAG !u! tag:unity3d.com,2011:
--- !u!29 &1
SceneSettings:
  m_ObjectHideFlags: 0
  m_PVSData: 
  m_PVSObjectsArray: []
  m_PVSPortalsArray: []
  m_OcclusionBakeSettings:
    smallestOccluder: 5
    smallestHole: .25
    backfaceThreshold: 100
--- !u!104 &2
RenderSettings:
  m_Fog: 0
  m_FogColor: {r: .5, g: .5, b: .5, a: 1}
  m_FogMode: 3
  m_FogDensity: .00999999978
  m_LinearFogStart: 0
  m_LinearFogEnd: 300
  m_AmbientLight: {r: .200000003, g: .200000003, b: .200000003, a: 1}
  m_SkyboxMaterial: {fileID: 0}
  m_HaloStrength: .5
  m_FlareStrength: 1
  m_FlareFadeSpeed: 3
  m_HaloTexture: {fileID: 0}
  m_SpotCookie: {fileID: 0}
  m_ObjectHideFlags: 0
--- !u!127 &3
LevelGameManager:
  m_ObjectHideFlags: 0
--- !u!157 &4
LightmapSettings:
  m_ObjectHideFlags: 0
  m_LightProbes: {fileID: 0}
  m_Lightmaps: []
  m_LightmapsMode: 1
  m_BakedColorSpace: 0
  m_UseDualLightmapsInForward: 0
  m_LightmapEditorSettings:
    m_Resolution: 50
    m_LastUsedResolution: 0
    m_TextureWidth: 1024
    m_TextureHeight: 1024
    m_BounceBoost: 1
    m_BounceIntensity: 1
    m_SkyLightColor: {r: .860000014, g: .930000007, b: 1, a: 1}
    m_SkyLightIntensity: 0
    m_Quality: 0
    m_Bounces: 1
    m_FinalGatherRays: 1000
    m_FinalGatherContrastThreshold: .0500000007
    m_FinalGatherGradientThreshold: 0
    m_FinalGatherInterpolationPoints: 15
    m_AOAmount: 0
    m_AOMaxDistance: .100000001
    m_AOContrast: 1
    m_LODSurfaceMappingDistance: 1
    m_Padding: 0
    m_TextureCompression: 0
    m_LockAtlas: 0
--- !u!196 &5
NavMeshSettings:
  m_ObjectHideFlags: 0
  m_BuildSettings:
    agentRadius: .5
    agentHeight: 2
    agentSlope: 45
    agentClimb: .400000006
    ledgeDropHeight: 0
    maxJumpAcrossDistance: 0
    accuratePlacement: 0
    minRegionArea: 2
    widthInaccuracy: 16.666666
    heightInaccuracy: 10
    tileSizeHint: 0
  m_NavMesh: {fileID: 0}
--- !u!1 &14463334
GameObject:
  m_ObjectHideFlags: 0
  m_PrefabParentObject: {fileID: 100012, guid: d6a18b3e99f714f858694c8842124d11, type: 2}
  m_PrefabInternal: {fileID: 98848986}
  serializedVersion: 4
  m_Component:
  - 4: {fileID: 14463335}
  - 114: {fileID: 14463336}
  m_Layer: 5
  m_Name: Label
  m_TagString: Untagged
  m_Icon: {fileID: 0}
  m_NavMeshLayer: 0
  m_StaticEditorFlags: 0
  m_IsActive: 1
--- !u!4 &14463335
Transform:
  m_ObjectHideFlags: 0
  m_PrefabParentObject: {fileID: 400012, guid: d6a18b3e99f714f858694c8842124d11, type: 2}
  m_PrefabInternal: {fileID: 98848986}
  m_GameObject: {fileID: 14463334}
  m_LocalRotation: {x: 0, y: 0, z: 0, w: 1}
  m_LocalPosition: {x: 0, y: 0, z: 0}
  m_LocalScale: {x: 1, y: 1, z: 1}
  m_Children: []
  m_Father: {fileID: 1775547305}
  m_RootOrder: 0
--- !u!114 &14463336
MonoBehaviour:
  m_ObjectHideFlags: 0
  m_PrefabParentObject: {fileID: 11400018, guid: d6a18b3e99f714f858694c8842124d11,
    type: 2}
  m_PrefabInternal: {fileID: 98848986}
  m_GameObject: {fileID: 14463334}
  m_Enabled: 1
  m_EditorHideFlags: 0
  m_Script: {fileID: 11500000, guid: e9d0b5f3bbe925a408bd595c79d0bf63, type: 3}
  m_Name: 
  m_EditorClassIdentifier: 
  leftAnchor:
    target: {fileID: 1775547305}
    relative: 0
    absolute: 4
  rightAnchor:
    target: {fileID: 1775547305}
    relative: 1
    absolute: -4
  bottomAnchor:
    target: {fileID: 1775547305}
    relative: 0
    absolute: 4
  topAnchor:
    target: {fileID: 1775547305}
    relative: 1
    absolute: -4
  updateAnchors: 1
  mColor: {r: .91911763, g: .894694805, b: .0337910652, a: .737254918}
  mPivot: 4
  mWidth: 356
  mHeight: 74
  mDepth: 5
  autoResizeBoxCollider: 0
  hideIfOffScreen: 0
  keepAspectRatio: 0
  aspectRatio: 4.81081104
  keepCrispWhenShrunk: 1
  mTrueTypeFont: {fileID: 12800000, guid: d15f6e8f644c6fa48a7a827527bbde21, type: 3}
  mFont: {fileID: 0}
  mText: "\u786E\u5B9A\u521B\u5EFA"
  mFontSize: 30
  mFontStyle: 0
  mAlignment: 0
  mEncoding: 1
  mMaxLineCount: 0
  mEffectStyle: 2
  mEffectColor: {r: 0, g: 0, b: 0, a: 1}
  mSymbols: 1
  mEffectDistance: {x: 2, y: 2}
  mOverflow: 0
  mMaterial: {fileID: 0}
  mApplyGradient: 0
  mGradientTop: {r: 1, g: 1, b: 1, a: 1}
  mGradientBottom: {r: .699999988, g: .699999988, b: .699999988, a: 1}
  mSpacingX: 0
  mSpacingY: 0
  mShrinkToFit: 0
  mMaxLineWidth: 0
  mMaxLineHeight: 0
  mLineWidth: 0
  mMultiline: 1
--- !u!1001 &98848986
Prefab:
  m_ObjectHideFlags: 0
  serializedVersion: 2
  m_Modification:
    m_TransformParent: {fileID: 1663586980}
    m_Modifications:
    - target: {fileID: 400008, guid: d6a18b3e99f714f858694c8842124d11, type: 2}
      propertyPath: m_LocalPosition.x
      value: 0
      objectReference: {fileID: 0}
    - target: {fileID: 400008, guid: d6a18b3e99f714f858694c8842124d11, type: 2}
      propertyPath: m_LocalPosition.y
      value: 0
      objectReference: {fileID: 0}
    - target: {fileID: 400008, guid: d6a18b3e99f714f858694c8842124d11, type: 2}
      propertyPath: m_LocalPosition.z
      value: 0
      objectReference: {fileID: 0}
    - target: {fileID: 400008, guid: d6a18b3e99f714f858694c8842124d11, type: 2}
      propertyPath: m_LocalRotation.x
      value: 0
      objectReference: {fileID: 0}
    - target: {fileID: 400008, guid: d6a18b3e99f714f858694c8842124d11, type: 2}
      propertyPath: m_LocalRotation.y
      value: 0
      objectReference: {fileID: 0}
    - target: {fileID: 400008, guid: d6a18b3e99f714f858694c8842124d11, type: 2}
      propertyPath: m_LocalRotation.z
      value: 0
      objectReference: {fileID: 0}
    - target: {fileID: 400008, guid: d6a18b3e99f714f858694c8842124d11, type: 2}
      propertyPath: m_LocalRotation.w
      value: 1
      objectReference: {fileID: 0}
    - target: {fileID: 400008, guid: d6a18b3e99f714f858694c8842124d11, type: 2}
      propertyPath: m_RootOrder
      value: 2
      objectReference: {fileID: 0}
    m_RemovedComponents: []
  m_ParentPrefab: {fileID: 100100000, guid: d6a18b3e99f714f858694c8842124d11, type: 2}
  m_RootGameObject: {fileID: 1983417000}
  m_IsPrefabParent: 0
  m_IsExploded: 1
--- !u!1 &238407985
GameObject:
  m_ObjectHideFlags: 0
  m_PrefabParentObject: {fileID: 100000, guid: d6a18b3e99f714f858694c8842124d11, type: 2}
  m_PrefabInternal: {fileID: 98848986}
  serializedVersion: 4
  m_Component:
  - 4: {fileID: 238407986}
  - 114: {fileID: 238407987}
  m_Layer: 5
  m_Name: Label
  m_TagString: Untagged
  m_Icon: {fileID: 0}
  m_NavMeshLayer: 0
  m_StaticEditorFlags: 0
  m_IsActive: 1
--- !u!4 &238407986
Transform:
  m_ObjectHideFlags: 0
  m_PrefabParentObject: {fileID: 400000, guid: d6a18b3e99f714f858694c8842124d11, type: 2}
  m_PrefabInternal: {fileID: 98848986}
  m_GameObject: {fileID: 238407985}
  m_LocalRotation: {x: 0, y: 0, z: 0, w: 1}
  m_LocalPosition: {x: 178.500229, y: -35.487114, z: 0}
  m_LocalScale: {x: 1, y: 1, z: 1}
  m_Children: []
  m_Father: {fileID: 1911468917}
  m_RootOrder: 0
--- !u!114 &238407987
MonoBehaviour:
  m_ObjectHideFlags: 0
  m_PrefabParentObject: {fileID: 11400000, guid: d6a18b3e99f714f858694c8842124d11,
    type: 2}
  m_PrefabInternal: {fileID: 98848986}
  m_GameObject: {fileID: 238407985}
  m_Enabled: 1
  m_EditorHideFlags: 0
  m_Script: {fileID: 11500000, guid: e9d0b5f3bbe925a408bd595c79d0bf63, type: 3}
  m_Name: 
  m_EditorClassIdentifier: 
  leftAnchor:
    target: {fileID: 1911468917}
    relative: 0
    absolute: 8
  rightAnchor:
    target: {fileID: 1911468917}
    relative: 1
    absolute: -8
  bottomAnchor:
    target: {fileID: 1911468917}
    relative: 0
    absolute: 8
  topAnchor:
    target: {fileID: 1911468917}
    relative: 1
    absolute: -8
  updateAnchors: 1
  mColor: {r: 1, g: 1, b: 1, a: .403921574}
  mPivot: 4
  mWidth: 341
  mHeight: 55
  mDepth: 4
  autoResizeBoxCollider: 0
  hideIfOffScreen: 0
  keepAspectRatio: 0
  aspectRatio: 6.19999981
  keepCrispWhenShrunk: 1
  mTrueTypeFont: {fileID: 12800000, guid: d15f6e8f644c6fa48a7a827527bbde21, type: 3}
  mFont: {fileID: 0}
  mText: 
  mFontSize: 25
  mFontStyle: 0
  mAlignment: 0
  mEncoding: 1
  mMaxLineCount: 1
  mEffectStyle: 2
  mEffectColor: {r: 1, g: .724137902, b: 0, a: 1}
  mSymbols: 1
  mEffectDistance: {x: 1, y: 1}
  mOverflow: 0
  mMaterial: {fileID: 0}
  mApplyGradient: 0
  mGradientTop: {r: 1, g: 1, b: 1, a: 1}
  mGradientBottom: {r: .699999988, g: .699999988, b: .699999988, a: 1}
  mSpacingX: 0
  mSpacingY: 0
  mShrinkToFit: 0
  mMaxLineWidth: 0
  mMaxLineHeight: 0
  mLineWidth: 0
  mMultiline: 1
--- !u!1 &402097098
GameObject:
  m_ObjectHideFlags: 0
  m_PrefabParentObject: {fileID: 163242, guid: d6a18b3e99f714f858694c8842124d11, type: 2}
  m_PrefabInternal: {fileID: 98848986}
  serializedVersion: 4
  m_Component:
  - 4: {fileID: 402097099}
  - 114: {fileID: 402097101}
  - 114: {fileID: 402097100}
  m_Layer: 5
  m_Name: Label
  m_TagString: Untagged
  m_Icon: {fileID: 0}
  m_NavMeshLayer: 0
  m_StaticEditorFlags: 0
  m_IsActive: 1
--- !u!4 &402097099
Transform:
  m_ObjectHideFlags: 0
  m_PrefabParentObject: {fileID: 463242, guid: d6a18b3e99f714f858694c8842124d11, type: 2}
  m_PrefabInternal: {fileID: 98848986}
  m_GameObject: {fileID: 402097098}
  m_LocalRotation: {x: 0, y: 0, z: 0, w: 1}
  m_LocalPosition: {x: 39, y: 0, z: 0}
  m_LocalScale: {x: 1, y: 1, z: 1}
  m_Children: []
  m_Father: {fileID: 1294905978}
  m_RootOrder: 2
--- !u!114 &402097100
MonoBehaviour:
  m_ObjectHideFlags: 0
  m_PrefabParentObject: {fileID: 11463254, guid: d6a18b3e99f714f858694c8842124d11,
    type: 2}
  m_PrefabInternal: {fileID: 98848986}
  m_GameObject: {fileID: 402097098}
  m_Enabled: 1
  m_EditorHideFlags: 0
  m_Script: {fileID: 11500000, guid: e5e1210a659c71f49b09ec14c4d40e77, type: 3}
  m_Name: 
  m_EditorClassIdentifier: 
  charsPerSecond: 40
  fadeInTime: 0
  delayOnPeriod: 0
  delayOnNewLine: 0
  scrollView: {fileID: 0}
  keepFullDimensions: 0
  onFinished: []
--- !u!114 &402097101
MonoBehaviour:
  m_ObjectHideFlags: 0
  m_PrefabParentObject: {fileID: 11463256, guid: d6a18b3e99f714f858694c8842124d11,
    type: 2}
  m_PrefabInternal: {fileID: 98848986}
  m_GameObject: {fileID: 402097098}
  m_Enabled: 1
  m_EditorHideFlags: 0
  m_Script: {fileID: 11500000, guid: e9d0b5f3bbe925a408bd595c79d0bf63, type: 3}
  m_Name: 
  m_EditorClassIdentifier: 
  leftAnchor:
    target: {fileID: 1294905978}
    relative: 0
    absolute: 39
  rightAnchor:
    target: {fileID: 1294905978}
    relative: 1
    absolute: -1
  bottomAnchor:
    target: {fileID: 1294905978}
    relative: 0
    absolute: -1
  topAnchor:
    target: {fileID: 1294905978}
    relative: 1
    absolute: 1
  updateAnchors: 1
  mColor: {r: 1, g: 1, b: 1, a: 1}
  mPivot: 3
  mWidth: 160
  mHeight: 36
  mDepth: 9
  autoResizeBoxCollider: 0
  hideIfOffScreen: 0
  keepAspectRatio: 0
  aspectRatio: 4.44444466
  keepCrispWhenShrunk: 1
  mTrueTypeFont: {fileID: 12800000, guid: d15f6e8f644c6fa48a7a827527bbde21, type: 3}
  mFont: {fileID: 0}
  mText: "\u6218\u58EB"
  mFontSize: 20
  mFontStyle: 0
  mAlignment: 0
  mEncoding: 1
  mMaxLineCount: 0
  mEffectStyle: 1
  mEffectColor: {r: 0, g: 0, b: 0, a: 1}
  mSymbols: 1
  mEffectDistance: {x: 1, y: 1}
  mOverflow: 0
  mMaterial: {fileID: 0}
  mApplyGradient: 1
  mGradientTop: {r: 1, g: 1, b: 1, a: 1}
  mGradientBottom: {r: .699999988, g: .699999988, b: .699999988, a: 1}
  mSpacingX: 0
  mSpacingY: 0
  mShrinkToFit: 0
  mMaxLineWidth: 0
  mMaxLineHeight: 0
  mLineWidth: 0
  mMultiline: 1
--- !u!1 &444363687
GameObject:
  m_ObjectHideFlags: 0
  m_PrefabParentObject: {fileID: 163238, guid: d6a18b3e99f714f858694c8842124d11, type: 2}
  m_PrefabInternal: {fileID: 98848986}
  serializedVersion: 4
  m_Component:
  - 4: {fileID: 444363688}
  - 114: {fileID: 444363690}
  - 111: {fileID: 444363689}
  m_Layer: 5
  m_Name: Checkmark
  m_TagString: Untagged
  m_Icon: {fileID: 0}
  m_NavMeshLayer: 0
  m_StaticEditorFlags: 0
  m_IsActive: 1
--- !u!4 &444363688
Transform:
  m_ObjectHideFlags: 0
  m_PrefabParentObject: {fileID: 463238, guid: d6a18b3e99f714f858694c8842124d11, type: 2}
  m_PrefabInternal: {fileID: 98848986}
  m_GameObject: {fileID: 444363687}
  m_LocalRotation: {x: 0, y: 0, z: 0, w: 1}
  m_LocalPosition: {x: 18, y: 0, z: 0}
  m_LocalScale: {x: 1, y: 1, z: 1}
  m_Children: []
  m_Father: {fileID: 668678276}
  m_RootOrder: 1
--- !u!111 &444363689
Animation:
  m_ObjectHideFlags: 0
  m_PrefabParentObject: {fileID: 11163228, guid: d6a18b3e99f714f858694c8842124d11,
    type: 2}
  m_PrefabInternal: {fileID: 98848986}
  m_GameObject: {fileID: 444363687}
  m_Enabled: 1
  serializedVersion: 3
  m_Animation: {fileID: 7400000, guid: baa794242d9902a439adb42668119f24, type: 2}
  m_Animations:
  - {fileID: 7400000, guid: baa794242d9902a439adb42668119f24, type: 2}
  m_WrapMode: 0
  m_PlayAutomatically: 0
  m_AnimatePhysics: 0
  m_CullingType: 0
--- !u!114 &444363690
MonoBehaviour:
  m_ObjectHideFlags: 0
  m_PrefabParentObject: {fileID: 11463248, guid: d6a18b3e99f714f858694c8842124d11,
    type: 2}
  m_PrefabInternal: {fileID: 98848986}
  m_GameObject: {fileID: 444363687}
  m_Enabled: 1
  m_EditorHideFlags: 0
  m_Script: {fileID: 11500000, guid: 1b3dc54f924693f41b5cbecb267e647a, type: 3}
  m_Name: 
  m_EditorClassIdentifier: 
  leftAnchor:
    target: {fileID: 0}
    relative: 0
    absolute: 0
  rightAnchor:
    target: {fileID: 0}
    relative: 1
    absolute: 0
  bottomAnchor:
    target: {fileID: 0}
    relative: 0
    absolute: 0
  topAnchor:
    target: {fileID: 0}
    relative: 1
    absolute: 0
  updateAnchors: 1
  mColor: {r: 1, g: 1, b: 1, a: 1}
  mPivot: 4
  mWidth: 34
  mHeight: 36
  mDepth: 8
  autoResizeBoxCollider: 0
  hideIfOffScreen: 0
  keepAspectRatio: 0
  aspectRatio: .944444418
  mType: 0
  mFillDirection: 4
  mFillAmount: 1
  mInvert: 0
  mFlip: 0
  centerType: 1
  leftType: 1
  rightType: 1
  bottomType: 1
  topType: 1
  mAtlas: {fileID: 11400000, guid: 62adb30369acbf943a67cee0f69267a3, type: 2}
  mSpriteName: Checkmark
  mFillCenter: 1
--- !u!1 &668678275
GameObject:
  m_ObjectHideFlags: 0
  m_PrefabParentObject: {fileID: 163234, guid: d6a18b3e99f714f858694c8842124d11, type: 2}
  m_PrefabInternal: {fileID: 98848986}
  serializedVersion: 4
  m_Component:
  - 4: {fileID: 668678276}
  - 114: {fileID: 668678281}
  - 114: {fileID: 668678280}
  - 65: {fileID: 668678279}
  - 114: {fileID: 668678278}
  m_Layer: 5
  m_Name: job2
  m_TagString: Untagged
  m_Icon: {fileID: 0}
  m_NavMeshLayer: 0
  m_StaticEditorFlags: 0
  m_IsActive: 1
--- !u!4 &668678276
Transform:
  m_ObjectHideFlags: 0
  m_PrefabParentObject: {fileID: 463234, guid: d6a18b3e99f714f858694c8842124d11, type: 2}
  m_PrefabInternal: {fileID: 98848986}
  m_GameObject: {fileID: 668678275}
  m_LocalRotation: {x: 0, y: 0, z: 0, w: 1}
  m_LocalPosition: {x: -472, y: 78, z: 0}
  m_LocalScale: {x: 1, y: 1, z: 1}
  m_Children:
  - {fileID: 1103155674}
  - {fileID: 444363688}
  - {fileID: 825350991}
  m_Father: {fileID: 1983417001}
  m_RootOrder: 5
--- !u!114 &668678278
MonoBehaviour:
  m_ObjectHideFlags: 0
  m_PrefabParentObject: {fileID: 11463244, guid: d6a18b3e99f714f858694c8842124d11,
    type: 2}
  m_PrefabInternal: {fileID: 98848986}
  m_GameObject: {fileID: 668678275}
  m_Enabled: 1
  m_EditorHideFlags: 0
  m_Script: {fileID: 11500000, guid: 1fdca5042b1d12a4890ec1bd4f04290d, type: 3}
  m_Name: 
  m_EditorClassIdentifier: 
  tweenTarget: {fileID: 1103155673}
  hover: {r: .882352948, g: .784313738, b: .588235319, a: 1}
  pressed: {r: .717647076, g: .639215708, b: .482352942, a: 1}
  disabledColor: {r: .5, g: .5, b: .5, a: 1}
  duration: .200000003
  dragHighlight: 0
  hoverSprite: 
  pressedSprite: 
  disabledSprite: 
  hoverSprite2D: {fileID: 0}
  pressedSprite2D: {fileID: 0}
  disabledSprite2D: {fileID: 0}
  pixelSnap: 0
  onClick: []
--- !u!65 &668678279
BoxCollider:
  m_ObjectHideFlags: 0
  m_PrefabParentObject: {fileID: 6563228, guid: d6a18b3e99f714f858694c8842124d11,
    type: 2}
  m_PrefabInternal: {fileID: 98848986}
  m_GameObject: {fileID: 668678275}
  m_Material: {fileID: 0}
  m_IsTrigger: 1
  m_Enabled: 1
  serializedVersion: 2
  m_Size: {x: 200, y: 34, z: 0}
  m_Center: {x: 100, y: 0, z: 0}
--- !u!114 &668678280
MonoBehaviour:
  m_ObjectHideFlags: 0
  m_PrefabParentObject: {fileID: 11463242, guid: d6a18b3e99f714f858694c8842124d11,
    type: 2}
  m_PrefabInternal: {fileID: 98848986}
  m_GameObject: {fileID: 668678275}
  m_Enabled: 1
  m_EditorHideFlags: 0
  m_Script: {fileID: 11500000, guid: 446d504799d99174383957fca80713c8, type: 3}
  m_Name: 
  m_EditorClassIdentifier: 
  group: 1
  activeSprite: {fileID: 444363690}
  activeAnimation: {fileID: 444363689}
  startsActive: 0
  instantTween: 0
  optionCanBeNone: 0
  onChange: []
  checkSprite: {fileID: 0}
  checkAnimation: {fileID: 0}
  eventReceiver: {fileID: 0}
  functionName: OnActivate
  startsChecked: 0
--- !u!114 &668678281
MonoBehaviour:
  m_ObjectHideFlags: 0
  m_PrefabParentObject: {fileID: 11463240, guid: d6a18b3e99f714f858694c8842124d11,
    type: 2}
  m_PrefabInternal: {fileID: 98848986}
  m_GameObject: {fileID: 668678275}
  m_Enabled: 1
  m_EditorHideFlags: 0
  m_Script: {fileID: 11500000, guid: 858a20c1b21a3f94bb5b2d3b901c9aaf, type: 3}
  m_Name: 
  m_EditorClassIdentifier: 
  leftAnchor:
    target: {fileID: 0}
    relative: 0
    absolute: 0
  rightAnchor:
    target: {fileID: 0}
    relative: 1
    absolute: 0
  bottomAnchor:
    target: {fileID: 0}
    relative: 0
    absolute: 0
  topAnchor:
    target: {fileID: 0}
    relative: 1
    absolute: 0
  updateAnchors: 1
  mColor: {r: 1, g: 1, b: 1, a: 1}
  mPivot: 3
  mWidth: 200
  mHeight: 34
  mDepth: 6
  autoResizeBoxCollider: 1
  hideIfOffScreen: 0
  keepAspectRatio: 0
  aspectRatio: 5.88235283
--- !u!1 &681824721
GameObject:
  m_ObjectHideFlags: 0
  m_PrefabParentObject: {fileID: 163226, guid: d6a18b3e99f714f858694c8842124d11, type: 2}
  m_PrefabInternal: {fileID: 98848986}
  serializedVersion: 4
  m_Component:
  - 4: {fileID: 681824722}
  - 114: {fileID: 681824724}
  - 114: {fileID: 681824723}
  m_Layer: 5
  m_Name: Label
  m_TagString: Untagged
  m_Icon: {fileID: 0}
  m_NavMeshLayer: 0
  m_StaticEditorFlags: 0
  m_IsActive: 1
--- !u!4 &681824722
Transform:
  m_ObjectHideFlags: 0
  m_PrefabParentObject: {fileID: 463226, guid: d6a18b3e99f714f858694c8842124d11, type: 2}
  m_PrefabInternal: {fileID: 98848986}
  m_GameObject: {fileID: 681824721}
  m_LocalRotation: {x: 0, y: 0, z: 0, w: 1}
  m_LocalPosition: {x: 39, y: 0, z: 0}
  m_LocalScale: {x: 1, y: 1, z: 1}
  m_Children: []
  m_Father: {fileID: 1603856202}
  m_RootOrder: 2
--- !u!114 &681824723
MonoBehaviour:
  m_ObjectHideFlags: 0
  m_PrefabParentObject: {fileID: 11463226, guid: d6a18b3e99f714f858694c8842124d11,
    type: 2}
  m_PrefabInternal: {fileID: 98848986}
  m_GameObject: {fileID: 681824721}
  m_Enabled: 1
  m_EditorHideFlags: 0
  m_Script: {fileID: 11500000, guid: e5e1210a659c71f49b09ec14c4d40e77, type: 3}
  m_Name: 
  m_EditorClassIdentifier: 
  charsPerSecond: 40
  fadeInTime: 0
  delayOnPeriod: 0
  delayOnNewLine: 0
  scrollView: {fileID: 0}
  keepFullDimensions: 0
  onFinished: []
--- !u!114 &681824724
MonoBehaviour:
  m_ObjectHideFlags: 0
  m_PrefabParentObject: {fileID: 11463228, guid: d6a18b3e99f714f858694c8842124d11,
    type: 2}
  m_PrefabInternal: {fileID: 98848986}
  m_GameObject: {fileID: 681824721}
  m_Enabled: 1
  m_EditorHideFlags: 0
  m_Script: {fileID: 11500000, guid: e9d0b5f3bbe925a408bd595c79d0bf63, type: 3}
  m_Name: 
  m_EditorClassIdentifier: 
  leftAnchor:
    target: {fileID: 1603856202}
    relative: 0
    absolute: 39
  rightAnchor:
    target: {fileID: 1603856202}
    relative: 1
    absolute: -1
  bottomAnchor:
    target: {fileID: 1603856202}
    relative: 0
    absolute: -1
  topAnchor:
    target: {fileID: 1603856202}
    relative: 1
    absolute: 1
  updateAnchors: 1
  mColor: {r: 1, g: 1, b: 1, a: 1}
  mPivot: 3
  mWidth: 160
  mHeight: 36
  mDepth: 9
  autoResizeBoxCollider: 0
  hideIfOffScreen: 0
  keepAspectRatio: 0
  aspectRatio: 4.44444466
  keepCrispWhenShrunk: 1
  mTrueTypeFont: {fileID: 12800000, guid: d15f6e8f644c6fa48a7a827527bbde21, type: 3}
  mFont: {fileID: 0}
  mText: "\u523A\u5BA2"
  mFontSize: 20
  mFontStyle: 0
  mAlignment: 0
  mEncoding: 1
  mMaxLineCount: 0
  mEffectStyle: 1
  mEffectColor: {r: 0, g: 0, b: 0, a: 1}
  mSymbols: 1
  mEffectDistance: {x: 1, y: 1}
  mOverflow: 0
  mMaterial: {fileID: 0}
  mApplyGradient: 1
  mGradientTop: {r: 1, g: 1, b: 1, a: 1}
  mGradientBottom: {r: .699999988, g: .699999988, b: .699999988, a: 1}
  mSpacingX: 0
  mSpacingY: 0
  mShrinkToFit: 0
  mMaxLineWidth: 0
  mMaxLineHeight: 0
  mLineWidth: 0
  mMultiline: 1
--- !u!1 &825350990
GameObject:
  m_ObjectHideFlags: 0
  m_PrefabParentObject: {fileID: 163240, guid: d6a18b3e99f714f858694c8842124d11, type: 2}
  m_PrefabInternal: {fileID: 98848986}
  serializedVersion: 4
  m_Component:
  - 4: {fileID: 825350991}
  - 114: {fileID: 825350993}
  - 114: {fileID: 825350992}
  m_Layer: 5
  m_Name: Label
  m_TagString: Untagged
  m_Icon: {fileID: 0}
  m_NavMeshLayer: 0
  m_StaticEditorFlags: 0
  m_IsActive: 1
--- !u!4 &825350991
Transform:
  m_ObjectHideFlags: 0
  m_PrefabParentObject: {fileID: 463240, guid: d6a18b3e99f714f858694c8842124d11, type: 2}
  m_PrefabInternal: {fileID: 98848986}
  m_GameObject: {fileID: 825350990}
  m_LocalRotation: {x: 0, y: 0, z: 0, w: 1}
  m_LocalPosition: {x: 39, y: 0, z: 0}
  m_LocalScale: {x: 1, y: 1, z: 1}
  m_Children: []
  m_Father: {fileID: 668678276}
  m_RootOrder: 2
--- !u!114 &825350992
MonoBehaviour:
  m_ObjectHideFlags: 0
  m_PrefabParentObject: {fileID: 11463252, guid: d6a18b3e99f714f858694c8842124d11,
    type: 2}
  m_PrefabInternal: {fileID: 98848986}
  m_GameObject: {fileID: 825350990}
  m_Enabled: 1
  m_EditorHideFlags: 0
  m_Script: {fileID: 11500000, guid: e5e1210a659c71f49b09ec14c4d40e77, type: 3}
  m_Name: 
  m_EditorClassIdentifier: 
  charsPerSecond: 40
  fadeInTime: 0
  delayOnPeriod: 0
  delayOnNewLine: 0
  scrollView: {fileID: 0}
  keepFullDimensions: 0
  onFinished: []
--- !u!114 &825350993
MonoBehaviour:
  m_ObjectHideFlags: 0
  m_PrefabParentObject: {fileID: 11463250, guid: d6a18b3e99f714f858694c8842124d11,
    type: 2}
  m_PrefabInternal: {fileID: 98848986}
  m_GameObject: {fileID: 825350990}
  m_Enabled: 1
  m_EditorHideFlags: 0
  m_Script: {fileID: 11500000, guid: e9d0b5f3bbe925a408bd595c79d0bf63, type: 3}
  m_Name: 
  m_EditorClassIdentifier: 
  leftAnchor:
    target: {fileID: 668678276}
    relative: 0
    absolute: 39
  rightAnchor:
    target: {fileID: 668678276}
    relative: 1
    absolute: -1
  bottomAnchor:
    target: {fileID: 668678276}
    relative: 0
    absolute: -1
  topAnchor:
    target: {fileID: 668678276}
    relative: 1
    absolute: 1
  updateAnchors: 1
  mColor: {r: 1, g: 1, b: 1, a: 1}
  mPivot: 3
  mWidth: 160
  mHeight: 36
  mDepth: 9
  autoResizeBoxCollider: 0
  hideIfOffScreen: 0
  keepAspectRatio: 0
  aspectRatio: 4.44444466
  keepCrispWhenShrunk: 1
  mTrueTypeFont: {fileID: 12800000, guid: d15f6e8f644c6fa48a7a827527bbde21, type: 3}
  mFont: {fileID: 0}
  mText: "\u5C04\u624B"
  mFontSize: 20
  mFontStyle: 0
  mAlignment: 0
  mEncoding: 1
  mMaxLineCount: 0
  mEffectStyle: 1
  mEffectColor: {r: 0, g: 0, b: 0, a: 1}
  mSymbols: 1
  mEffectDistance: {x: 1, y: 1}
  mOverflow: 0
  mMaterial: {fileID: 0}
  mApplyGradient: 1
  mGradientTop: {r: 1, g: 1, b: 1, a: 1}
  mGradientBottom: {r: .699999988, g: .699999988, b: .699999988, a: 1}
  mSpacingX: 0
  mSpacingY: 0
  mShrinkToFit: 0
  mMaxLineWidth: 0
  mMaxLineHeight: 0
  mLineWidth: 0
  mMultiline: 1
--- !u!1 &901819281
GameObject:
  m_ObjectHideFlags: 0
  m_PrefabParentObject: {fileID: 100004, guid: d6a18b3e99f714f858694c8842124d11, type: 2}
  m_PrefabInternal: {fileID: 98848986}
  serializedVersion: 4
  m_Component:
  - 4: {fileID: 901819282}
  - 114: {fileID: 901819284}
  - 65: {fileID: 901819283}
  m_Layer: 5
  m_Name: SelChar
  m_TagString: Untagged
  m_Icon: {fileID: 0}
  m_NavMeshLayer: 0
  m_StaticEditorFlags: 0
  m_IsActive: 1
--- !u!4 &901819282
Transform:
  m_ObjectHideFlags: 0
  m_PrefabParentObject: {fileID: 400004, guid: d6a18b3e99f714f858694c8842124d11, type: 2}
  m_PrefabInternal: {fileID: 98848986}
  m_GameObject: {fileID: 901819281}
  m_LocalRotation: {x: 0, y: 0, z: 0, w: 1}
  m_LocalPosition: {x: 0, y: 84, z: 0}
  m_LocalScale: {x: 1, y: 1, z: 1}
  m_Children: []
  m_Father: {fileID: 1983417001}
  m_RootOrder: 1
--- !u!65 &901819283
BoxCollider:
  m_ObjectHideFlags: 0
  m_PrefabParentObject: {fileID: 6500004, guid: d6a18b3e99f714f858694c8842124d11,
    type: 2}
  m_PrefabInternal: {fileID: 98848986}
  m_GameObject: {fileID: 901819281}
  m_Material: {fileID: 0}
  m_IsTrigger: 0
  m_Enabled: 1
  serializedVersion: 2
  m_Size: {x: 500, y: 500, z: 0}
  m_Center: {x: 0, y: 0, z: 0}
--- !u!114 &901819284
MonoBehaviour:
  m_ObjectHideFlags: 0
  m_PrefabParentObject: {fileID: 11400008, guid: d6a18b3e99f714f858694c8842124d11,
    type: 2}
  m_PrefabInternal: {fileID: 98848986}
  m_GameObject: {fileID: 901819281}
  m_Enabled: 1
  m_EditorHideFlags: 0
  m_Script: {fileID: 11500000, guid: d5c5ca47aa5c01740810b7c66662099f, type: 3}
  m_Name: 
  m_EditorClassIdentifier: 
  leftAnchor:
    target: {fileID: 0}
    relative: 0
    absolute: 0
  rightAnchor:
    target: {fileID: 0}
    relative: 1
    absolute: 0
  bottomAnchor:
    target: {fileID: 0}
    relative: 0
    absolute: 0
  topAnchor:
    target: {fileID: 0}
    relative: 1
    absolute: 0
  updateAnchors: 1
  mColor: {r: 1, g: 1, b: 1, a: 1}
  mPivot: 4
  mWidth: 500
  mHeight: 500
  mDepth: 15
  autoResizeBoxCollider: 1
  hideIfOffScreen: 0
  keepAspectRatio: 0
  aspectRatio: 1
  mType: 0
  mFillDirection: 4
  mFillAmount: 1
  mInvert: 0
  mFlip: 0
  centerType: 1
  leftType: 1
  rightType: 1
  bottomType: 1
  topType: 1
  mRect:
    serializedVersion: 2
    x: 0
    y: 0
    width: 1
    height: 1
  mTexture: {fileID: 8400000, guid: 0b57fdfc84c8c4f8fbe9c563d040d3bf, type: 2}
  mMat: {fileID: 0}
  mShader: {fileID: 4800000, guid: e75727d9555d9d14ca51d91908c681bc, type: 3}
  mBorder: {x: 0, y: 0, z: 0, w: 0}
--- !u!1 &982560855
GameObject:
  m_ObjectHideFlags: 0
  m_PrefabParentObject: {fileID: 163244, guid: d6a18b3e99f714f858694c8842124d11, type: 2}
  m_PrefabInternal: {fileID: 98848986}
  serializedVersion: 4
  m_Component:
  - 4: {fileID: 982560856}
  - 114: {fileID: 982560858}
  - 111: {fileID: 982560857}
  m_Layer: 5
  m_Name: Checkmark
  m_TagString: Untagged
  m_Icon: {fileID: 0}
  m_NavMeshLayer: 0
  m_StaticEditorFlags: 0
  m_IsActive: 1
--- !u!4 &982560856
Transform:
  m_ObjectHideFlags: 0
  m_PrefabParentObject: {fileID: 463244, guid: d6a18b3e99f714f858694c8842124d11, type: 2}
  m_PrefabInternal: {fileID: 98848986}
  m_GameObject: {fileID: 982560855}
  m_LocalRotation: {x: 0, y: 0, z: 0, w: 1}
  m_LocalPosition: {x: 18, y: 0, z: 0}
  m_LocalScale: {x: 1, y: 1, z: 1}
  m_Children: []
  m_Father: {fileID: 1294905978}
  m_RootOrder: 1
--- !u!111 &982560857
Animation:
  m_ObjectHideFlags: 0
  m_PrefabParentObject: {fileID: 11163230, guid: d6a18b3e99f714f858694c8842124d11,
    type: 2}
  m_PrefabInternal: {fileID: 98848986}
  m_GameObject: {fileID: 982560855}
  m_Enabled: 1
  serializedVersion: 3
  m_Animation: {fileID: 7400000, guid: baa794242d9902a439adb42668119f24, type: 2}
  m_Animations:
  - {fileID: 7400000, guid: baa794242d9902a439adb42668119f24, type: 2}
  m_WrapMode: 0
  m_PlayAutomatically: 0
  m_AnimatePhysics: 0
  m_CullingType: 0
--- !u!114 &982560858
MonoBehaviour:
  m_ObjectHideFlags: 0
  m_PrefabParentObject: {fileID: 11463258, guid: d6a18b3e99f714f858694c8842124d11,
    type: 2}
  m_PrefabInternal: {fileID: 98848986}
  m_GameObject: {fileID: 982560855}
  m_Enabled: 1
  m_EditorHideFlags: 0
  m_Script: {fileID: 11500000, guid: 1b3dc54f924693f41b5cbecb267e647a, type: 3}
  m_Name: 
  m_EditorClassIdentifier: 
  leftAnchor:
    target: {fileID: 0}
    relative: 0
    absolute: 0
  rightAnchor:
    target: {fileID: 0}
    relative: 1
    absolute: 0
  bottomAnchor:
    target: {fileID: 0}
    relative: 0
    absolute: 0
  topAnchor:
    target: {fileID: 0}
    relative: 1
    absolute: 0
  updateAnchors: 1
  mColor: {r: 1, g: 1, b: 1, a: 1}
  mPivot: 4
  mWidth: 34
  mHeight: 36
  mDepth: 8
  autoResizeBoxCollider: 0
  hideIfOffScreen: 0
  keepAspectRatio: 0
  aspectRatio: .944444418
  mType: 0
  mFillDirection: 4
  mFillAmount: 1
  mInvert: 0
  mFlip: 0
  centerType: 1
  leftType: 1
  rightType: 1
  bottomType: 1
  topType: 1
  mAtlas: {fileID: 11400000, guid: 62adb30369acbf943a67cee0f69267a3, type: 2}
  mSpriteName: Checkmark
  mFillCenter: 1
--- !u!1 &1103155673
GameObject:
  m_ObjectHideFlags: 0
  m_PrefabParentObject: {fileID: 163236, guid: d6a18b3e99f714f858694c8842124d11, type: 2}
  m_PrefabInternal: {fileID: 98848986}
  serializedVersion: 4
  m_Component:
  - 4: {fileID: 1103155674}
  - 114: {fileID: 1103155675}
  m_Layer: 5
  m_Name: Background
  m_TagString: Untagged
  m_Icon: {fileID: 0}
  m_NavMeshLayer: 0
  m_StaticEditorFlags: 0
  m_IsActive: 1
--- !u!4 &1103155674
Transform:
  m_ObjectHideFlags: 0
  m_PrefabParentObject: {fileID: 463236, guid: d6a18b3e99f714f858694c8842124d11, type: 2}
  m_PrefabInternal: {fileID: 98848986}
  m_GameObject: {fileID: 1103155673}
  m_LocalRotation: {x: 0, y: 0, z: 0, w: 1}
  m_LocalPosition: {x: 100, y: -0, z: 0}
  m_LocalScale: {x: 1, y: 1, z: 1}
  m_Children: []
  m_Father: {fileID: 668678276}
  m_RootOrder: 0
--- !u!114 &1103155675
MonoBehaviour:
  m_ObjectHideFlags: 0
  m_PrefabParentObject: {fileID: 11463246, guid: d6a18b3e99f714f858694c8842124d11,
    type: 2}
  m_PrefabInternal: {fileID: 98848986}
  m_GameObject: {fileID: 1103155673}
  m_Enabled: 1
  m_EditorHideFlags: 0
  m_Script: {fileID: 11500000, guid: 1b3dc54f924693f41b5cbecb267e647a, type: 3}
  m_Name: 
  m_EditorClassIdentifier: 
  leftAnchor:
    target: {fileID: 0}
    relative: 0
    absolute: 0
  rightAnchor:
    target: {fileID: 0}
    relative: 1
    absolute: 0
  bottomAnchor:
    target: {fileID: 0}
    relative: 0
    absolute: 0
  topAnchor:
    target: {fileID: 0}
    relative: 1
    absolute: 0
  updateAnchors: 1
  mColor: {r: .656716406, g: .552408397, b: .352862537, a: 1}
  mPivot: 4
  mWidth: 230
  mHeight: 34
  mDepth: 7
  autoResizeBoxCollider: 0
  hideIfOffScreen: 0
  keepAspectRatio: 0
  aspectRatio: 6.76470566
  mType: 1
  mFillDirection: 4
  mFillAmount: 1
  mInvert: 0
  mFlip: 0
  centerType: 1
  leftType: 1
  rightType: 1
  bottomType: 1
  topType: 1
  mAtlas: {fileID: 11400000, guid: 3b6676d3458ed4ea8ba69c9f4f6faaac, type: 2}
  mSpriteName: ButtonStandardRed
  mFillCenter: 1
--- !u!1 &1105703772
GameObject:
  m_ObjectHideFlags: 0
  m_PrefabParentObject: {fileID: 100000, guid: ccfdc7fe87e044989bf3bb121e729c4d, type: 2}
  m_PrefabInternal: {fileID: 1526509125}
  serializedVersion: 4
  m_Component:
  - 4: {fileID: 1105703773}
  - 114: {fileID: 1105703774}
  m_Layer: 5
  m_Name: Name
  m_TagString: Untagged
  m_Icon: {fileID: 0}
  m_NavMeshLayer: 0
  m_StaticEditorFlags: 0
  m_IsActive: 1
--- !u!4 &1105703773
Transform:
  m_ObjectHideFlags: 0
  m_PrefabParentObject: {fileID: 400000, guid: ccfdc7fe87e044989bf3bb121e729c4d, type: 2}
  m_PrefabInternal: {fileID: 1526509125}
  m_GameObject: {fileID: 1105703772}
  m_LocalRotation: {x: 0, y: 0, z: 0, w: 1}
  m_LocalPosition: {x: -469, y: 254, z: 0}
  m_LocalScale: {x: 1, y: 1, z: 1}
  m_Children: []
  m_Father: {fileID: 1943967626}
  m_RootOrder: 4
--- !u!114 &1105703774
MonoBehaviour:
  m_ObjectHideFlags: 0
  m_PrefabParentObject: {fileID: 11400000, guid: ccfdc7fe87e044989bf3bb121e729c4d,
    type: 2}
  m_PrefabInternal: {fileID: 1526509125}
  m_GameObject: {fileID: 1105703772}
  m_Enabled: 1
  m_EditorHideFlags: 0
  m_Script: {fileID: 11500000, guid: e9d0b5f3bbe925a408bd595c79d0bf63, type: 3}
  m_Name: 
  m_EditorClassIdentifier: 
  leftAnchor:
    target: {fileID: 0}
    relative: 0
    absolute: 0
  rightAnchor:
    target: {fileID: 0}
    relative: 1
    absolute: 0
  bottomAnchor:
    target: {fileID: 0}
    relative: 0
    absolute: 0
  topAnchor:
    target: {fileID: 0}
    relative: 1
    absolute: 0
  updateAnchors: 1
  mColor: {r: 1, g: 1, b: 1, a: 1}
  mPivot: 0
  mWidth: 120
  mHeight: 60
  mDepth: 2
  autoResizeBoxCollider: 0
  hideIfOffScreen: 0
  keepAspectRatio: 0
  aspectRatio: 1.9666667
  keepCrispWhenShrunk: 1
  mTrueTypeFont: {fileID: 12800000, guid: d15f6e8f644c6fa48a7a827527bbde21, type: 3}
  mFont: {fileID: 0}
  mText: "[ff00ff]\u684C\u90A3\u4E2A\u6587[-]\n[ffff00]100[-]"
  mFontSize: 30
  mFontStyle: 0
  mAlignment: 0
  mEncoding: 1
  mMaxLineCount: 0
  mEffectStyle: 2
  mEffectColor: {r: 0, g: 0, b: 0, a: 1}
  mSymbols: 1
  mEffectDistance: {x: 1, y: 1}
  mOverflow: 2
  mMaterial: {fileID: 0}
  mApplyGradient: 0
  mGradientTop: {r: 1, g: 1, b: 1, a: 1}
  mGradientBottom: {r: .699999988, g: .699999988, b: .699999988, a: 1}
  mSpacingX: 0
  mSpacingY: 0
  mShrinkToFit: 0
  mMaxLineWidth: 0
  mMaxLineHeight: 0
  mLineWidth: 0
  mMultiline: 1
--- !u!1 &1182930650
GameObject:
  m_ObjectHideFlags: 0
  m_PrefabParentObject: {fileID: 100006, guid: ccfdc7fe87e044989bf3bb121e729c4d, type: 2}
  m_PrefabInternal: {fileID: 1526509125}
  serializedVersion: 4
  m_Component:
  - 4: {fileID: 1182930651}
  - 114: {fileID: 1182930654}
  - 114: {fileID: 1182930653}
  - 65: {fileID: 1182930652}
  m_Layer: 5
  m_Name: enterGame
  m_TagString: Untagged
  m_Icon: {fileID: 0}
  m_NavMeshLayer: 0
  m_StaticEditorFlags: 0
  m_IsActive: 1
--- !u!4 &1182930651
Transform:
  m_ObjectHideFlags: 0
  m_PrefabParentObject: {fileID: 400006, guid: ccfdc7fe87e044989bf3bb121e729c4d, type: 2}
  m_PrefabInternal: {fileID: 1526509125}
  m_GameObject: {fileID: 1182930650}
  m_LocalRotation: {x: 0, y: 0, z: 0, w: 1}
  m_LocalPosition: {x: 0, y: -298, z: 0}
  m_LocalScale: {x: 1, y: 1, z: 1}
  m_Children:
  - {fileID: 1240203593}
  m_Father: {fileID: 1943967626}
  m_RootOrder: 0
--- !u!65 &1182930652
BoxCollider:
  m_ObjectHideFlags: 0
  m_PrefabParentObject: {fileID: 6500002, guid: ccfdc7fe87e044989bf3bb121e729c4d,
    type: 2}
  m_PrefabInternal: {fileID: 1526509125}
  m_GameObject: {fileID: 1182930650}
  m_Material: {fileID: 0}
  m_IsTrigger: 1
  m_Enabled: 1
  serializedVersion: 2
  m_Size: {x: 364, y: 82, z: 0}
  m_Center: {x: 0, y: 0, z: 0}
--- !u!114 &1182930653
MonoBehaviour:
  m_ObjectHideFlags: 0
  m_PrefabParentObject: {fileID: 11400012, guid: ccfdc7fe87e044989bf3bb121e729c4d,
    type: 2}
  m_PrefabInternal: {fileID: 1526509125}
  m_GameObject: {fileID: 1182930650}
  m_Enabled: 1
  m_EditorHideFlags: 0
  m_Script: {fileID: 11500000, guid: 1fdca5042b1d12a4890ec1bd4f04290d, type: 3}
  m_Name: 
  m_EditorClassIdentifier: 
  tweenTarget: {fileID: 1182930650}
  hover: {r: .882352948, g: .784313738, b: .588235319, a: 1}
  pressed: {r: .717647076, g: .639215708, b: .482352942, a: 1}
  disabledColor: {r: .5, g: .5, b: .5, a: 1}
  duration: .200000003
  dragHighlight: 0
  hoverSprite: 
  pressedSprite: ButtonStandardRed
  disabledSprite: 
  hoverSprite2D: {fileID: 0}
  pressedSprite2D: {fileID: 0}
  disabledSprite2D: {fileID: 0}
  pixelSnap: 0
  onClick: []
--- !u!114 &1182930654
MonoBehaviour:
  m_ObjectHideFlags: 0
  m_PrefabParentObject: {fileID: 11400010, guid: ccfdc7fe87e044989bf3bb121e729c4d,
    type: 2}
  m_PrefabInternal: {fileID: 1526509125}
  m_GameObject: {fileID: 1182930650}
  m_Enabled: 1
  m_EditorHideFlags: 0
  m_Script: {fileID: 11500000, guid: 1b3dc54f924693f41b5cbecb267e647a, type: 3}
  m_Name: 
  m_EditorClassIdentifier: 
  leftAnchor:
    target: {fileID: 0}
    relative: 0
    absolute: 0
  rightAnchor:
    target: {fileID: 0}
    relative: 1
    absolute: 0
  bottomAnchor:
    target: {fileID: 0}
    relative: 0
    absolute: 0
  topAnchor:
    target: {fileID: 0}
    relative: 1
    absolute: 0
  updateAnchors: 1
  mColor: {r: 1, g: 1, b: 1, a: 1}
  mPivot: 4
  mWidth: 364
  mHeight: 82
  mDepth: 4
  autoResizeBoxCollider: 1
  hideIfOffScreen: 0
  keepAspectRatio: 0
  aspectRatio: 4.43902445
  mType: 1
  mFillDirection: 4
  mFillAmount: 1
  mInvert: 0
  mFlip: 0
  centerType: 1
  leftType: 1
  rightType: 1
  bottomType: 1
  topType: 1
  mAtlas: {fileID: 11400000, guid: 3b6676d3458ed4ea8ba69c9f4f6faaac, type: 2}
  mSpriteName: ButtonStandardRedHighlight
  mFillCenter: 1
--- !u!1 &1240203592
GameObject:
  m_ObjectHideFlags: 0
  m_PrefabParentObject: {fileID: 100008, guid: ccfdc7fe87e044989bf3bb121e729c4d, type: 2}
  m_PrefabInternal: {fileID: 1526509125}
  serializedVersion: 4
  m_Component:
  - 4: {fileID: 1240203593}
  - 114: {fileID: 1240203594}
  m_Layer: 5
  m_Name: Label
  m_TagString: Untagged
  m_Icon: {fileID: 0}
  m_NavMeshLayer: 0
  m_StaticEditorFlags: 0
  m_IsActive: 1
--- !u!4 &1240203593
Transform:
  m_ObjectHideFlags: 0
  m_PrefabParentObject: {fileID: 400008, guid: ccfdc7fe87e044989bf3bb121e729c4d, type: 2}
  m_PrefabInternal: {fileID: 1526509125}
  m_GameObject: {fileID: 1240203592}
  m_LocalRotation: {x: 0, y: 0, z: 0, w: 1}
  m_LocalPosition: {x: 0, y: 0, z: 0}
  m_LocalScale: {x: 1, y: 1, z: 1}
  m_Children: []
  m_Father: {fileID: 1182930651}
  m_RootOrder: 0
--- !u!114 &1240203594
MonoBehaviour:
  m_ObjectHideFlags: 0
  m_PrefabParentObject: {fileID: 11400014, guid: ccfdc7fe87e044989bf3bb121e729c4d,
    type: 2}
  m_PrefabInternal: {fileID: 1526509125}
  m_GameObject: {fileID: 1240203592}
  m_Enabled: 1
  m_EditorHideFlags: 0
  m_Script: {fileID: 11500000, guid: e9d0b5f3bbe925a408bd595c79d0bf63, type: 3}
  m_Name: 
  m_EditorClassIdentifier: 
  leftAnchor:
    target: {fileID: 1182930651}
    relative: 0
    absolute: 4
  rightAnchor:
    target: {fileID: 1182930651}
    relative: 1
    absolute: -4
  bottomAnchor:
    target: {fileID: 1182930651}
    relative: 0
    absolute: 4
  topAnchor:
    target: {fileID: 1182930651}
    relative: 1
    absolute: -4
  updateAnchors: 1
  mColor: {r: .91911763, g: .894694805, b: .0337910652, a: .737254918}
  mPivot: 4
  mWidth: 356
  mHeight: 74
  mDepth: 5
  autoResizeBoxCollider: 0
  hideIfOffScreen: 0
  keepAspectRatio: 0
  aspectRatio: 4.81081104
  keepCrispWhenShrunk: 1
  mTrueTypeFont: {fileID: 12800000, guid: d15f6e8f644c6fa48a7a827527bbde21, type: 3}
  mFont: {fileID: 0}
  mText: "\u8FDB\u5165\u6E38\u620F"
  mFontSize: 30
  mFontStyle: 0
  mAlignment: 0
  mEncoding: 1
  mMaxLineCount: 0
  mEffectStyle: 2
  mEffectColor: {r: 0, g: 0, b: 0, a: 1}
  mSymbols: 1
  mEffectDistance: {x: 2, y: 2}
  mOverflow: 0
  mMaterial: {fileID: 0}
  mApplyGradient: 0
  mGradientTop: {r: 1, g: 1, b: 1, a: 1}
  mGradientBottom: {r: .699999988, g: .699999988, b: .699999988, a: 1}
  mSpacingX: 0
  mSpacingY: 0
  mShrinkToFit: 0
  mMaxLineWidth: 0
  mMaxLineHeight: 0
  mLineWidth: 0
  mMultiline: 1
--- !u!1 &1290764593
GameObject:
  m_ObjectHideFlags: 0
  m_PrefabParentObject: {fileID: 100012, guid: ccfdc7fe87e044989bf3bb121e729c4d, type: 2}
  m_PrefabInternal: {fileID: 1526509125}
  serializedVersion: 4
  m_Component:
  - 4: {fileID: 1290764594}
  - 114: {fileID: 1290764595}
  m_Layer: 5
  m_Name: back
  m_TagString: Untagged
  m_Icon: {fileID: 0}
  m_NavMeshLayer: 0
  m_StaticEditorFlags: 0
  m_IsActive: 1
--- !u!4 &1290764594
Transform:
  m_ObjectHideFlags: 0
  m_PrefabParentObject: {fileID: 400012, guid: ccfdc7fe87e044989bf3bb121e729c4d, type: 2}
  m_PrefabInternal: {fileID: 1526509125}
  m_GameObject: {fileID: 1290764593}
  m_LocalRotation: {x: 0, y: 0, z: 0, w: 1}
  m_LocalPosition: {x: 0, y: 0, z: 0}
  m_LocalScale: {x: .999935985, y: .999935985, z: .999935985}
  m_Children: []
  m_Father: {fileID: 1943967626}
  m_RootOrder: 1
--- !u!114 &1290764595
MonoBehaviour:
  m_ObjectHideFlags: 0
  m_PrefabParentObject: {fileID: 11400008, guid: ccfdc7fe87e044989bf3bb121e729c4d,
    type: 2}
  m_PrefabInternal: {fileID: 1526509125}
  m_GameObject: {fileID: 1290764593}
  m_Enabled: 1
  m_EditorHideFlags: 0
  m_Script: {fileID: 11500000, guid: d5c5ca47aa5c01740810b7c66662099f, type: 3}
  m_Name: 
  m_EditorClassIdentifier: 
  leftAnchor:
    target: {fileID: 0}
    relative: 0
    absolute: 0
  rightAnchor:
    target: {fileID: 0}
    relative: 1
    absolute: 0
  bottomAnchor:
    target: {fileID: 0}
    relative: 0
    absolute: 0
  topAnchor:
    target: {fileID: 0}
    relative: 1
    absolute: 0
  updateAnchors: 1
  mColor: {r: 1, g: 1, b: 1, a: 1}
  mPivot: 4
  mWidth: 1024
  mHeight: 1024
  mDepth: 0
  autoResizeBoxCollider: 0
  hideIfOffScreen: 0
  keepAspectRatio: 0
  aspectRatio: 1
  mType: 0
  mFillDirection: 4
  mFillAmount: 1
  mInvert: 0
  mFlip: 0
  centerType: 1
  leftType: 1
  rightType: 1
  bottomType: 1
  topType: 1
  mRect:
    serializedVersion: 2
    x: 0
    y: 0
    width: 1
    height: 1
  mTexture: {fileID: 2800000, guid: 6ca87e97bceed432a855c38ced7a585a, type: 3}
  mMat: {fileID: 0}
  mShader: {fileID: 4800000, guid: e75727d9555d9d14ca51d91908c681bc, type: 3}
  mBorder: {x: 0, y: 0, z: 0, w: 0}
--- !u!1 &1294905977
GameObject:
  m_ObjectHideFlags: 0
  m_PrefabParentObject: {fileID: 163248, guid: d6a18b3e99f714f858694c8842124d11, type: 2}
  m_PrefabInternal: {fileID: 98848986}
  serializedVersion: 4
  m_Component:
  - 4: {fileID: 1294905978}
  - 114: {fileID: 1294905983}
  - 114: {fileID: 1294905982}
  - 65: {fileID: 1294905981}
  - 114: {fileID: 1294905980}
  m_Layer: 5
  m_Name: job1
  m_TagString: Untagged
  m_Icon: {fileID: 0}
  m_NavMeshLayer: 0
  m_StaticEditorFlags: 0
  m_IsActive: 1
--- !u!4 &1294905978
Transform:
  m_ObjectHideFlags: 0
  m_PrefabParentObject: {fileID: 463248, guid: d6a18b3e99f714f858694c8842124d11, type: 2}
  m_PrefabInternal: {fileID: 98848986}
  m_GameObject: {fileID: 1294905977}
  m_LocalRotation: {x: 0, y: 0, z: 0, w: 1}
  m_LocalPosition: {x: -472, y: 131, z: 0}
  m_LocalScale: {x: 1, y: 1, z: 1}
  m_Children:
  - {fileID: 2034573027}
  - {fileID: 982560856}
  - {fileID: 402097099}
  m_Father: {fileID: 1983417001}
  m_RootOrder: 4
--- !u!114 &1294905980
MonoBehaviour:
  m_ObjectHideFlags: 0
  m_PrefabParentObject: {fileID: 11463262, guid: d6a18b3e99f714f858694c8842124d11,
    type: 2}
  m_PrefabInternal: {fileID: 98848986}
  m_GameObject: {fileID: 1294905977}
  m_Enabled: 1
  m_EditorHideFlags: 0
  m_Script: {fileID: 11500000, guid: 1fdca5042b1d12a4890ec1bd4f04290d, type: 3}
  m_Name: 
  m_EditorClassIdentifier: 
  tweenTarget: {fileID: 2034573026}
  hover: {r: .882352948, g: .784313738, b: .588235319, a: 1}
  pressed: {r: .717647076, g: .639215708, b: .482352942, a: 1}
  disabledColor: {r: .5, g: .5, b: .5, a: 1}
  duration: .200000003
  dragHighlight: 0
  hoverSprite: 
  pressedSprite: 
  disabledSprite: 
  hoverSprite2D: {fileID: 0}
  pressedSprite2D: {fileID: 0}
  disabledSprite2D: {fileID: 0}
  pixelSnap: 0
  onClick: []
--- !u!65 &1294905981
BoxCollider:
  m_ObjectHideFlags: 0
  m_PrefabParentObject: {fileID: 6563230, guid: d6a18b3e99f714f858694c8842124d11,
    type: 2}
  m_PrefabInternal: {fileID: 98848986}
  m_GameObject: {fileID: 1294905977}
  m_Material: {fileID: 0}
  m_IsTrigger: 1
  m_Enabled: 1
  serializedVersion: 2
  m_Size: {x: 200, y: 34, z: 0}
  m_Center: {x: 100, y: 0, z: 0}
--- !u!114 &1294905982
MonoBehaviour:
  m_ObjectHideFlags: 0
  m_PrefabParentObject: {fileID: 11463264, guid: d6a18b3e99f714f858694c8842124d11,
    type: 2}
  m_PrefabInternal: {fileID: 98848986}
  m_GameObject: {fileID: 1294905977}
  m_Enabled: 1
  m_EditorHideFlags: 0
  m_Script: {fileID: 11500000, guid: 446d504799d99174383957fca80713c8, type: 3}
  m_Name: 
  m_EditorClassIdentifier: 
  group: 1
  activeSprite: {fileID: 982560858}
  activeAnimation: {fileID: 982560857}
  startsActive: 1
  instantTween: 0
  optionCanBeNone: 0
  onChange: []
  checkSprite: {fileID: 0}
  checkAnimation: {fileID: 0}
  eventReceiver: {fileID: 0}
  functionName: OnActivate
  startsChecked: 0
--- !u!114 &1294905983
MonoBehaviour:
  m_ObjectHideFlags: 0
  m_PrefabParentObject: {fileID: 11463266, guid: d6a18b3e99f714f858694c8842124d11,
    type: 2}
  m_PrefabInternal: {fileID: 98848986}
  m_GameObject: {fileID: 1294905977}
  m_Enabled: 1
  m_EditorHideFlags: 0
  m_Script: {fileID: 11500000, guid: 858a20c1b21a3f94bb5b2d3b901c9aaf, type: 3}
  m_Name: 
  m_EditorClassIdentifier: 
  leftAnchor:
    target: {fileID: 0}
    relative: 0
    absolute: 0
  rightAnchor:
    target: {fileID: 0}
    relative: 1
    absolute: 0
  bottomAnchor:
    target: {fileID: 0}
    relative: 0
    absolute: 0
  topAnchor:
    target: {fileID: 0}
    relative: 1
    absolute: 0
  updateAnchors: 1
  mColor: {r: 1, g: 1, b: 1, a: 1}
  mPivot: 3
  mWidth: 200
  mHeight: 34
  mDepth: 6
  autoResizeBoxCollider: 1
  hideIfOffScreen: 0
  keepAspectRatio: 0
  aspectRatio: 5.88235283
--- !u!1 &1331653057
GameObject:
  m_ObjectHideFlags: 0
  m_PrefabParentObject: {fileID: 100006, guid: d6a18b3e99f714f858694c8842124d11, type: 2}
  m_PrefabInternal: {fileID: 98848986}
  serializedVersion: 4
  m_Component:
  - 4: {fileID: 1331653058}
  - 114: {fileID: 1331653059}
  m_Layer: 5
  m_Name: back
  m_TagString: Untagged
  m_Icon: {fileID: 0}
  m_NavMeshLayer: 0
  m_StaticEditorFlags: 0
  m_IsActive: 1
--- !u!4 &1331653058
Transform:
  m_ObjectHideFlags: 0
  m_PrefabParentObject: {fileID: 400006, guid: d6a18b3e99f714f858694c8842124d11, type: 2}
  m_PrefabInternal: {fileID: 98848986}
  m_GameObject: {fileID: 1331653057}
  m_LocalRotation: {x: 0, y: 0, z: 0, w: 1}
  m_LocalPosition: {x: 0, y: 0, z: 0}
  m_LocalScale: {x: .999935985, y: .999935985, z: .999935985}
  m_Children: []
  m_Father: {fileID: 1983417001}
  m_RootOrder: 0
--- !u!114 &1331653059
MonoBehaviour:
  m_ObjectHideFlags: 0
  m_PrefabParentObject: {fileID: 11400012, guid: d6a18b3e99f714f858694c8842124d11,
    type: 2}
  m_PrefabInternal: {fileID: 98848986}
  m_GameObject: {fileID: 1331653057}
  m_Enabled: 1
  m_EditorHideFlags: 0
  m_Script: {fileID: 11500000, guid: d5c5ca47aa5c01740810b7c66662099f, type: 3}
  m_Name: 
  m_EditorClassIdentifier: 
  leftAnchor:
    target: {fileID: 0}
    relative: 0
    absolute: 0
  rightAnchor:
    target: {fileID: 0}
    relative: 1
    absolute: 0
  bottomAnchor:
    target: {fileID: 0}
    relative: 0
    absolute: 0
  topAnchor:
    target: {fileID: 0}
    relative: 1
    absolute: 0
  updateAnchors: 1
  mColor: {r: 1, g: 1, b: 1, a: 1}
  mPivot: 4
  mWidth: 1024
  mHeight: 1024
  mDepth: 0
  autoResizeBoxCollider: 0
  hideIfOffScreen: 0
  keepAspectRatio: 0
  aspectRatio: 1
  mType: 0
  mFillDirection: 4
  mFillAmount: 1
  mInvert: 0
  mFlip: 0
  centerType: 1
  leftType: 1
  rightType: 1
  bottomType: 1
  topType: 1
  mRect:
    serializedVersion: 2
    x: 0
    y: 0
    width: 1
    height: 1
  mTexture: {fileID: 2800000, guid: 6ca87e97bceed432a855c38ced7a585a, type: 3}
  mMat: {fileID: 0}
  mShader: {fileID: 4800000, guid: e75727d9555d9d14ca51d91908c681bc, type: 3}
  mBorder: {x: 0, y: 0, z: 0, w: 0}
--- !u!1 &1411088208
GameObject:
  m_ObjectHideFlags: 0
  m_PrefabParentObject: {fileID: 100002, guid: ccfdc7fe87e044989bf3bb121e729c4d, type: 2}
  m_PrefabInternal: {fileID: 1526509125}
  serializedVersion: 4
  m_Component:
  - 4: {fileID: 1411088209}
  - 114: {fileID: 1411088210}
  m_Layer: 5
  m_Name: Label
  m_TagString: Untagged
  m_Icon: {fileID: 0}
  m_NavMeshLayer: 0
  m_StaticEditorFlags: 0
  m_IsActive: 1
--- !u!4 &1411088209
Transform:
  m_ObjectHideFlags: 0
  m_PrefabParentObject: {fileID: 400002, guid: ccfdc7fe87e044989bf3bb121e729c4d, type: 2}
  m_PrefabInternal: {fileID: 1526509125}
  m_GameObject: {fileID: 1411088208}
  m_LocalRotation: {x: 0, y: 0, z: 0, w: 1}
  m_LocalPosition: {x: 0, y: 0, z: 0}
  m_LocalScale: {x: 1, y: 1, z: 1}
  m_Children: []
  m_Father: {fileID: 1807603567}
  m_RootOrder: 0
--- !u!114 &1411088210
MonoBehaviour:
  m_ObjectHideFlags: 0
  m_PrefabParentObject: {fileID: 11400002, guid: ccfdc7fe87e044989bf3bb121e729c4d,
    type: 2}
  m_PrefabInternal: {fileID: 1526509125}
  m_GameObject: {fileID: 1411088208}
  m_Enabled: 1
  m_EditorHideFlags: 0
  m_Script: {fileID: 11500000, guid: e9d0b5f3bbe925a408bd595c79d0bf63, type: 3}
  m_Name: 
  m_EditorClassIdentifier: 
  leftAnchor:
    target: {fileID: 1807603567}
    relative: 0
    absolute: 4
  rightAnchor:
    target: {fileID: 1807603567}
    relative: 1
    absolute: -4
  bottomAnchor:
    target: {fileID: 1807603567}
    relative: 0
    absolute: 4
  topAnchor:
    target: {fileID: 1807603567}
    relative: 1
    absolute: -4
  updateAnchors: 1
  mColor: {r: .91911763, g: .894694805, b: .0337910652, a: .737254918}
  mPivot: 4
  mWidth: 356
  mHeight: 74
  mDepth: 5
  autoResizeBoxCollider: 0
  hideIfOffScreen: 0
  keepAspectRatio: 0
  aspectRatio: 4.81081104
  keepCrispWhenShrunk: 1
  mTrueTypeFont: {fileID: 12800000, guid: d15f6e8f644c6fa48a7a827527bbde21, type: 3}
  mFont: {fileID: 0}
  mText: "\u521B\u5EFA\u89D2\u8272"
  mFontSize: 30
  mFontStyle: 0
  mAlignment: 0
  mEncoding: 1
  mMaxLineCount: 0
  mEffectStyle: 2
  mEffectColor: {r: 0, g: 0, b: 0, a: 1}
  mSymbols: 1
  mEffectDistance: {x: 2, y: 2}
  mOverflow: 0
  mMaterial: {fileID: 0}
  mApplyGradient: 0
  mGradientTop: {r: 1, g: 1, b: 1, a: 1}
  mGradientBottom: {r: .699999988, g: .699999988, b: .699999988, a: 1}
  mSpacingX: 0
  mSpacingY: 0
  mShrinkToFit: 0
  mMaxLineWidth: 0
  mMaxLineHeight: 0
  mLineWidth: 0
  mMultiline: 1
--- !u!1001 &1526509125
Prefab:
  m_ObjectHideFlags: 0
  serializedVersion: 2
  m_Modification:
    m_TransformParent: {fileID: 1663586980}
    m_Modifications:
    - target: {fileID: 400010, guid: ccfdc7fe87e044989bf3bb121e729c4d, type: 2}
      propertyPath: m_LocalPosition.x
      value: 0
      objectReference: {fileID: 0}
    - target: {fileID: 400010, guid: ccfdc7fe87e044989bf3bb121e729c4d, type: 2}
      propertyPath: m_LocalPosition.y
      value: 0
      objectReference: {fileID: 0}
    - target: {fileID: 400010, guid: ccfdc7fe87e044989bf3bb121e729c4d, type: 2}
      propertyPath: m_LocalPosition.z
      value: 0
      objectReference: {fileID: 0}
    - target: {fileID: 400010, guid: ccfdc7fe87e044989bf3bb121e729c4d, type: 2}
      propertyPath: m_LocalRotation.x
      value: 0
      objectReference: {fileID: 0}
    - target: {fileID: 400010, guid: ccfdc7fe87e044989bf3bb121e729c4d, type: 2}
      propertyPath: m_LocalRotation.y
      value: 0
      objectReference: {fileID: 0}
    - target: {fileID: 400010, guid: ccfdc7fe87e044989bf3bb121e729c4d, type: 2}
      propertyPath: m_LocalRotation.z
      value: 0
      objectReference: {fileID: 0}
    - target: {fileID: 400010, guid: ccfdc7fe87e044989bf3bb121e729c4d, type: 2}
      propertyPath: m_LocalRotation.w
      value: 1
      objectReference: {fileID: 0}
    - target: {fileID: 400010, guid: ccfdc7fe87e044989bf3bb121e729c4d, type: 2}
      propertyPath: m_RootOrder
      value: 1
      objectReference: {fileID: 0}
    - target: {fileID: 11400000, guid: ccfdc7fe87e044989bf3bb121e729c4d, type: 2}
      propertyPath: mWidth
      value: 118
      objectReference: {fileID: 0}
    - target: {fileID: 11400000, guid: ccfdc7fe87e044989bf3bb121e729c4d, type: 2}
      propertyPath: aspectRatio
      value: 1.9666667
      objectReference: {fileID: 0}
    m_RemovedComponents: []
  m_ParentPrefab: {fileID: 100100000, guid: ccfdc7fe87e044989bf3bb121e729c4d, type: 2}
  m_RootGameObject: {fileID: 1943967625}
  m_IsPrefabParent: 0
  m_IsExploded: 1
--- !u!1 &1527607922
GameObject:
  m_ObjectHideFlags: 0
  m_PrefabParentObject: {fileID: 163230, guid: d6a18b3e99f714f858694c8842124d11, type: 2}
  m_PrefabInternal: {fileID: 98848986}
  serializedVersion: 4
  m_Component:
  - 4: {fileID: 1527607923}
  - 114: {fileID: 1527607924}
  m_Layer: 5
  m_Name: Background
  m_TagString: Untagged
  m_Icon: {fileID: 0}
  m_NavMeshLayer: 0
  m_StaticEditorFlags: 0
  m_IsActive: 1
--- !u!4 &1527607923
Transform:
  m_ObjectHideFlags: 0
  m_PrefabParentObject: {fileID: 463230, guid: d6a18b3e99f714f858694c8842124d11, type: 2}
  m_PrefabInternal: {fileID: 98848986}
  m_GameObject: {fileID: 1527607922}
  m_LocalRotation: {x: 0, y: 0, z: 0, w: 1}
  m_LocalPosition: {x: 100, y: -0, z: 0}
  m_LocalScale: {x: 1, y: 1, z: 1}
  m_Children: []
  m_Father: {fileID: 1603856202}
  m_RootOrder: 0
--- !u!114 &1527607924
MonoBehaviour:
  m_ObjectHideFlags: 0
  m_PrefabParentObject: {fileID: 11463232, guid: d6a18b3e99f714f858694c8842124d11,
    type: 2}
  m_PrefabInternal: {fileID: 98848986}
  m_GameObject: {fileID: 1527607922}
  m_Enabled: 1
  m_EditorHideFlags: 0
  m_Script: {fileID: 11500000, guid: 1b3dc54f924693f41b5cbecb267e647a, type: 3}
  m_Name: 
  m_EditorClassIdentifier: 
  leftAnchor:
    target: {fileID: 0}
    relative: 0
    absolute: 0
  rightAnchor:
    target: {fileID: 0}
    relative: 1
    absolute: 0
  bottomAnchor:
    target: {fileID: 0}
    relative: 0
    absolute: 0
  topAnchor:
    target: {fileID: 0}
    relative: 1
    absolute: 0
  updateAnchors: 1
  mColor: {r: .656716406, g: .552408397, b: .352862537, a: 1}
  mPivot: 4
  mWidth: 230
  mHeight: 34
  mDepth: 7
  autoResizeBoxCollider: 0
  hideIfOffScreen: 0
  keepAspectRatio: 0
  aspectRatio: 6.76470566
  mType: 1
  mFillDirection: 4
  mFillAmount: 1
  mInvert: 0
  mFlip: 0
  centerType: 1
  leftType: 1
  rightType: 1
  bottomType: 1
  topType: 1
  mAtlas: {fileID: 11400000, guid: 3b6676d3458ed4ea8ba69c9f4f6faaac, type: 2}
  mSpriteName: ButtonStandardRed
  mFillCenter: 1
--- !u!1 &1603856201
GameObject:
  m_ObjectHideFlags: 0
  m_PrefabParentObject: {fileID: 163232, guid: d6a18b3e99f714f858694c8842124d11, type: 2}
  m_PrefabInternal: {fileID: 98848986}
  serializedVersion: 4
  m_Component:
  - 4: {fileID: 1603856202}
  - 114: {fileID: 1603856207}
  - 114: {fileID: 1603856206}
  - 65: {fileID: 1603856205}
  - 114: {fileID: 1603856204}
  m_Layer: 5
  m_Name: job3
  m_TagString: Untagged
  m_Icon: {fileID: 0}
  m_NavMeshLayer: 0
  m_StaticEditorFlags: 0
  m_IsActive: 1
--- !u!4 &1603856202
Transform:
  m_ObjectHideFlags: 0
  m_PrefabParentObject: {fileID: 463232, guid: d6a18b3e99f714f858694c8842124d11, type: 2}
  m_PrefabInternal: {fileID: 98848986}
  m_GameObject: {fileID: 1603856201}
  m_LocalRotation: {x: 0, y: 0, z: 0, w: 1}
  m_LocalPosition: {x: -472, y: 21, z: 0}
  m_LocalScale: {x: 1, y: 1, z: 1}
  m_Children:
  - {fileID: 1527607923}
  - {fileID: 1688035148}
  - {fileID: 681824722}
  m_Father: {fileID: 1983417001}
  m_RootOrder: 6
--- !u!114 &1603856204
MonoBehaviour:
  m_ObjectHideFlags: 0
  m_PrefabParentObject: {fileID: 11463234, guid: d6a18b3e99f714f858694c8842124d11,
    type: 2}
  m_PrefabInternal: {fileID: 98848986}
  m_GameObject: {fileID: 1603856201}
  m_Enabled: 1
  m_EditorHideFlags: 0
  m_Script: {fileID: 11500000, guid: 1fdca5042b1d12a4890ec1bd4f04290d, type: 3}
  m_Name: 
  m_EditorClassIdentifier: 
  tweenTarget: {fileID: 1527607922}
  hover: {r: .882352948, g: .784313738, b: .588235319, a: 1}
  pressed: {r: .717647076, g: .639215708, b: .482352942, a: 1}
  disabledColor: {r: .5, g: .5, b: .5, a: 1}
  duration: .200000003
  dragHighlight: 0
  hoverSprite: 
  pressedSprite: 
  disabledSprite: 
  hoverSprite2D: {fileID: 0}
  pressedSprite2D: {fileID: 0}
  disabledSprite2D: {fileID: 0}
  pixelSnap: 0
  onClick: []
--- !u!65 &1603856205
BoxCollider:
  m_ObjectHideFlags: 0
  m_PrefabParentObject: {fileID: 6563226, guid: d6a18b3e99f714f858694c8842124d11,
    type: 2}
  m_PrefabInternal: {fileID: 98848986}
  m_GameObject: {fileID: 1603856201}
  m_Material: {fileID: 0}
  m_IsTrigger: 1
  m_Enabled: 1
  serializedVersion: 2
  m_Size: {x: 200, y: 34, z: 0}
  m_Center: {x: 100, y: 0, z: 0}
--- !u!114 &1603856206
MonoBehaviour:
  m_ObjectHideFlags: 0
  m_PrefabParentObject: {fileID: 11463236, guid: d6a18b3e99f714f858694c8842124d11,
    type: 2}
  m_PrefabInternal: {fileID: 98848986}
  m_GameObject: {fileID: 1603856201}
  m_Enabled: 1
  m_EditorHideFlags: 0
  m_Script: {fileID: 11500000, guid: 446d504799d99174383957fca80713c8, type: 3}
  m_Name: 
  m_EditorClassIdentifier: 
  group: 1
  activeSprite: {fileID: 1688035150}
  activeAnimation: {fileID: 1688035149}
  startsActive: 0
  instantTween: 0
  optionCanBeNone: 0
  onChange: []
  checkSprite: {fileID: 0}
  checkAnimation: {fileID: 0}
  eventReceiver: {fileID: 0}
  functionName: OnActivate
  startsChecked: 0
--- !u!114 &1603856207
MonoBehaviour:
  m_ObjectHideFlags: 0
  m_PrefabParentObject: {fileID: 11463238, guid: d6a18b3e99f714f858694c8842124d11,
    type: 2}
  m_PrefabInternal: {fileID: 98848986}
  m_GameObject: {fileID: 1603856201}
  m_Enabled: 1
  m_EditorHideFlags: 0
  m_Script: {fileID: 11500000, guid: 858a20c1b21a3f94bb5b2d3b901c9aaf, type: 3}
  m_Name: 
  m_EditorClassIdentifier: 
  leftAnchor:
    target: {fileID: 0}
    relative: 0
    absolute: 0
  rightAnchor:
    target: {fileID: 0}
    relative: 1
    absolute: 0
  bottomAnchor:
    target: {fileID: 0}
    relative: 0
    absolute: 0
  topAnchor:
    target: {fileID: 0}
    relative: 1
    absolute: 0
  updateAnchors: 1
  mColor: {r: 1, g: 1, b: 1, a: 1}
  mPivot: 3
  mWidth: 200
  mHeight: 34
  mDepth: 6
  autoResizeBoxCollider: 1
  hideIfOffScreen: 0
  keepAspectRatio: 0
  aspectRatio: 5.88235283
--- !u!1 &1647712731
GameObject:
  m_ObjectHideFlags: 0
  m_PrefabParentObject: {fileID: 0}
  m_PrefabInternal: {fileID: 0}
  serializedVersion: 4
  m_Component:
  - 4: {fileID: 1647712736}
  - 20: {fileID: 1647712735}
  - 92: {fileID: 1647712734}
  - 124: {fileID: 1647712733}
  - 81: {fileID: 1647712732}
  m_Layer: 0
  m_Name: Main Camera
  m_TagString: MainCamera
  m_Icon: {fileID: 0}
  m_NavMeshLayer: 0
  m_StaticEditorFlags: 0
  m_IsActive: 1
--- !u!81 &1647712732
AudioListener:
  m_ObjectHideFlags: 0
  m_PrefabParentObject: {fileID: 0}
  m_PrefabInternal: {fileID: 0}
  m_GameObject: {fileID: 1647712731}
  m_Enabled: 1
--- !u!124 &1647712733
Behaviour:
  m_ObjectHideFlags: 0
  m_PrefabParentObject: {fileID: 0}
  m_PrefabInternal: {fileID: 0}
  m_GameObject: {fileID: 1647712731}
  m_Enabled: 1
--- !u!92 &1647712734
Behaviour:
  m_ObjectHideFlags: 0
  m_PrefabParentObject: {fileID: 0}
  m_PrefabInternal: {fileID: 0}
  m_GameObject: {fileID: 1647712731}
  m_Enabled: 1
--- !u!20 &1647712735
Camera:
  m_ObjectHideFlags: 0
  m_PrefabParentObject: {fileID: 0}
  m_PrefabInternal: {fileID: 0}
  m_GameObject: {fileID: 1647712731}
  m_Enabled: 1
  serializedVersion: 2
  m_ClearFlags: 1
  m_BackGroundColor: {r: .192156866, g: .301960796, b: .474509805, a: .0196078438}
  m_NormalizedViewPortRect:
    serializedVersion: 2
    x: 0
    y: 0
    width: 1
    height: 1
  near clip plane: .300000012
  far clip plane: 1000
  field of view: 60
  orthographic: 0
  orthographic size: 5
  m_Depth: -1
  m_CullingMask:
    serializedVersion: 2
    m_Bits: 4294967007
  m_RenderingPath: -1
  m_TargetTexture: {fileID: 0}
  m_TargetDisplay: 0
  m_HDR: 0
  m_OcclusionCulling: 1
  m_StereoConvergence: 10
  m_StereoSeparation: .0219999999
--- !u!4 &1647712736
Transform:
  m_ObjectHideFlags: 0
  m_PrefabParentObject: {fileID: 0}
  m_PrefabInternal: {fileID: 0}
  m_GameObject: {fileID: 1647712731}
  m_LocalRotation: {x: 0, y: 0, z: 0, w: 1}
  m_LocalPosition: {x: 0, y: 1, z: -10}
  m_LocalScale: {x: 1, y: 1, z: 1}
  m_Children: []
  m_Father: {fileID: 0}
  m_RootOrder: 0
--- !u!1 &1663586979
GameObject:
  m_ObjectHideFlags: 0
  m_PrefabParentObject: {fileID: 0}
  m_PrefabInternal: {fileID: 0}
  serializedVersion: 4
  m_Component:
  - 4: {fileID: 1663586980}
  - 114: {fileID: 1663586983}
  - 114: {fileID: 1663586982}
  - 54: {fileID: 1663586981}
  m_Layer: 8
  m_Name: UI Root
  m_TagString: Untagged
  m_Icon: {fileID: 0}
  m_NavMeshLayer: 0
  m_StaticEditorFlags: 0
  m_IsActive: 1
--- !u!4 &1663586980
Transform:
  m_ObjectHideFlags: 0
  m_PrefabParentObject: {fileID: 0}
  m_PrefabInternal: {fileID: 0}
  m_GameObject: {fileID: 1663586979}
  m_LocalRotation: {x: 0, y: 0, z: 0, w: 1}
  m_LocalPosition: {x: 0, y: 0, z: 0}
  m_LocalScale: {x: .00260416674, y: .00260416674, z: .00260416674}
  m_Children:
  - {fileID: 2034504869}
  - {fileID: 1943967626}
  - {fileID: 1983417001}
  m_Father: {fileID: 0}
  m_RootOrder: 1
--- !u!54 &1663586981
Rigidbody:
  m_ObjectHideFlags: 0
  m_PrefabParentObject: {fileID: 0}
  m_PrefabInternal: {fileID: 0}
  m_GameObject: {fileID: 1663586979}
  serializedVersion: 2
  m_Mass: 1
  m_Drag: 0
  m_AngularDrag: .0500000007
  m_UseGravity: 0
  m_IsKinematic: 1
  m_Interpolate: 0
  m_Constraints: 0
  m_CollisionDetection: 0
--- !u!114 &1663586982
MonoBehaviour:
  m_ObjectHideFlags: 0
  m_PrefabParentObject: {fileID: 0}
  m_PrefabInternal: {fileID: 0}
  m_GameObject: {fileID: 1663586979}
  m_Enabled: 1
  m_EditorHideFlags: 0
  m_Script: {fileID: 11500000, guid: ae942c9068183dc40a9d01f648273726, type: 3}
  m_Name: 
  m_EditorClassIdentifier: 
  leftAnchor:
    target: {fileID: 0}
    relative: 0
    absolute: 0
  rightAnchor:
    target: {fileID: 0}
    relative: 1
    absolute: 0
  bottomAnchor:
    target: {fileID: 0}
    relative: 0
    absolute: 0
  topAnchor:
    target: {fileID: 0}
    relative: 1
    absolute: 0
  updateAnchors: 1
  showInPanelTool: 1
  generateNormals: 0
  widgetsAreStatic: 0
  cullWhileDragging: 1
  alwaysOnScreen: 0
  anchorOffset: 0
  softBorderPadding: 1
  renderQueue: 0
  startingRenderQueue: 3005
  mAlpha: 1
  mClipping: 0
  mClipRange: {x: 0, y: 0, z: 300, w: 200}
  mClipSoftness: {x: 4, y: 4}
  mDepth: 0
  mSortingOrder: 0
  mClipOffset: {x: 0, y: 0}
--- !u!114 &1663586983
MonoBehaviour:
  m_ObjectHideFlags: 0
  m_PrefabParentObject: {fileID: 0}
  m_PrefabInternal: {fileID: 0}
  m_GameObject: {fileID: 1663586979}
  m_Enabled: 1
  m_EditorHideFlags: 0
  m_Script: {fileID: 11500000, guid: 2c5ecb5660b11414fb042fb826e03b73, type: 3}
  m_Name: 
  m_EditorClassIdentifier: 
  scalingStyle: 2
  manualWidth: 1024
  manualHeight: 768
  minimumHeight: 320
  maximumHeight: 1536
  fitWidth: 1
  fitHeight: 1
  adjustByDPI: 0
  shrinkPortraitUI: 0
--- !u!1 &1688035147
GameObject:
  m_ObjectHideFlags: 0
  m_PrefabParentObject: {fileID: 163228, guid: d6a18b3e99f714f858694c8842124d11, type: 2}
  m_PrefabInternal: {fileID: 98848986}
  serializedVersion: 4
  m_Component:
  - 4: {fileID: 1688035148}
  - 114: {fileID: 1688035150}
  - 111: {fileID: 1688035149}
  m_Layer: 5
  m_Name: Checkmark
  m_TagString: Untagged
  m_Icon: {fileID: 0}
  m_NavMeshLayer: 0
  m_StaticEditorFlags: 0
  m_IsActive: 1
--- !u!4 &1688035148
Transform:
  m_ObjectHideFlags: 0
  m_PrefabParentObject: {fileID: 463228, guid: d6a18b3e99f714f858694c8842124d11, type: 2}
  m_PrefabInternal: {fileID: 98848986}
  m_GameObject: {fileID: 1688035147}
  m_LocalRotation: {x: 0, y: 0, z: 0, w: 1}
  m_LocalPosition: {x: 18, y: 0, z: 0}
  m_LocalScale: {x: 1, y: 1, z: 1}
  m_Children: []
  m_Father: {fileID: 1603856202}
  m_RootOrder: 1
--- !u!111 &1688035149
Animation:
  m_ObjectHideFlags: 0
  m_PrefabParentObject: {fileID: 11163226, guid: d6a18b3e99f714f858694c8842124d11,
    type: 2}
  m_PrefabInternal: {fileID: 98848986}
  m_GameObject: {fileID: 1688035147}
  m_Enabled: 1
  serializedVersion: 3
  m_Animation: {fileID: 7400000, guid: baa794242d9902a439adb42668119f24, type: 2}
  m_Animations:
  - {fileID: 7400000, guid: baa794242d9902a439adb42668119f24, type: 2}
  m_WrapMode: 0
  m_PlayAutomatically: 0
  m_AnimatePhysics: 0
  m_CullingType: 0
--- !u!114 &1688035150
MonoBehaviour:
  m_ObjectHideFlags: 0
  m_PrefabParentObject: {fileID: 11463230, guid: d6a18b3e99f714f858694c8842124d11,
    type: 2}
  m_PrefabInternal: {fileID: 98848986}
  m_GameObject: {fileID: 1688035147}
  m_Enabled: 1
  m_EditorHideFlags: 0
  m_Script: {fileID: 11500000, guid: 1b3dc54f924693f41b5cbecb267e647a, type: 3}
  m_Name: 
  m_EditorClassIdentifier: 
  leftAnchor:
    target: {fileID: 0}
    relative: 0
    absolute: 0
  rightAnchor:
    target: {fileID: 0}
    relative: 1
    absolute: 0
  bottomAnchor:
    target: {fileID: 0}
    relative: 0
    absolute: 0
  topAnchor:
    target: {fileID: 0}
    relative: 1
    absolute: 0
  updateAnchors: 1
  mColor: {r: 1, g: 1, b: 1, a: 1}
  mPivot: 4
  mWidth: 34
  mHeight: 36
  mDepth: 8
  autoResizeBoxCollider: 0
  hideIfOffScreen: 0
  keepAspectRatio: 0
  aspectRatio: .944444418
  mType: 0
  mFillDirection: 4
  mFillAmount: 1
  mInvert: 0
  mFlip: 0
  centerType: 1
  leftType: 1
  rightType: 1
  bottomType: 1
  topType: 1
  mAtlas: {fileID: 11400000, guid: 62adb30369acbf943a67cee0f69267a3, type: 2}
  mSpriteName: Checkmark
  mFillCenter: 1
--- !u!1 &1775547304
GameObject:
  m_ObjectHideFlags: 0
  m_PrefabParentObject: {fileID: 100010, guid: d6a18b3e99f714f858694c8842124d11, type: 2}
  m_PrefabInternal: {fileID: 98848986}
  serializedVersion: 4
  m_Component:
  - 4: {fileID: 1775547305}
  - 114: {fileID: 1775547308}
  - 114: {fileID: 1775547307}
  - 65: {fileID: 1775547306}
  m_Layer: 5
  m_Name: createChar
  m_TagString: Untagged
  m_Icon: {fileID: 0}
  m_NavMeshLayer: 0
  m_StaticEditorFlags: 0
  m_IsActive: 1
--- !u!4 &1775547305
Transform:
  m_ObjectHideFlags: 0
  m_PrefabParentObject: {fileID: 400010, guid: d6a18b3e99f714f858694c8842124d11, type: 2}
  m_PrefabInternal: {fileID: 98848986}
  m_GameObject: {fileID: 1775547304}
  m_LocalRotation: {x: 0, y: 0, z: 0, w: 1}
  m_LocalPosition: {x: 0, y: -298.000122, z: 0}
  m_LocalScale: {x: .999935985, y: .999935985, z: .999935985}
  m_Children:
  - {fileID: 14463335}
  m_Father: {fileID: 1983417001}
  m_RootOrder: 2
--- !u!65 &1775547306
BoxCollider:
  m_ObjectHideFlags: 0
  m_PrefabParentObject: {fileID: 6500002, guid: d6a18b3e99f714f858694c8842124d11,
    type: 2}
  m_PrefabInternal: {fileID: 98848986}
  m_GameObject: {fileID: 1775547304}
  m_Material: {fileID: 0}
  m_IsTrigger: 1
  m_Enabled: 1
  serializedVersion: 2
  m_Size: {x: 364, y: 82, z: 0}
  m_Center: {x: 0, y: 0, z: 0}
--- !u!114 &1775547307
MonoBehaviour:
  m_ObjectHideFlags: 0
  m_PrefabParentObject: {fileID: 11400016, guid: d6a18b3e99f714f858694c8842124d11,
    type: 2}
  m_PrefabInternal: {fileID: 98848986}
  m_GameObject: {fileID: 1775547304}
  m_Enabled: 1
  m_EditorHideFlags: 0
  m_Script: {fileID: 11500000, guid: 1fdca5042b1d12a4890ec1bd4f04290d, type: 3}
  m_Name: 
  m_EditorClassIdentifier: 
  tweenTarget: {fileID: 1775547304}
  hover: {r: .882352948, g: .784313738, b: .588235319, a: 1}
  pressed: {r: .717647076, g: .639215708, b: .482352942, a: 1}
  disabledColor: {r: .5, g: .5, b: .5, a: 1}
  duration: .200000003
  dragHighlight: 0
  hoverSprite: 
  pressedSprite: ButtonStandardRed
  disabledSprite: 
  hoverSprite2D: {fileID: 0}
  pressedSprite2D: {fileID: 0}
  disabledSprite2D: {fileID: 0}
  pixelSnap: 0
  onClick: []
--- !u!114 &1775547308
MonoBehaviour:
  m_ObjectHideFlags: 0
  m_PrefabParentObject: {fileID: 11400014, guid: d6a18b3e99f714f858694c8842124d11,
    type: 2}
  m_PrefabInternal: {fileID: 98848986}
  m_GameObject: {fileID: 1775547304}
  m_Enabled: 1
  m_EditorHideFlags: 0
  m_Script: {fileID: 11500000, guid: 1b3dc54f924693f41b5cbecb267e647a, type: 3}
  m_Name: 
  m_EditorClassIdentifier: 
  leftAnchor:
    target: {fileID: 0}
    relative: 0
    absolute: 0
  rightAnchor:
    target: {fileID: 0}
    relative: 1
    absolute: 0
  bottomAnchor:
    target: {fileID: 0}
    relative: 0
    absolute: 0
  topAnchor:
    target: {fileID: 0}
    relative: 1
    absolute: 0
  updateAnchors: 1
  mColor: {r: 1, g: 1, b: 1, a: 1}
  mPivot: 4
  mWidth: 364
  mHeight: 82
  mDepth: 4
  autoResizeBoxCollider: 1
  hideIfOffScreen: 0
  keepAspectRatio: 0
  aspectRatio: 4.43902445
  mType: 1
  mFillDirection: 4
  mFillAmount: 1
  mInvert: 0
  mFlip: 0
  centerType: 1
  leftType: 1
  rightType: 1
  bottomType: 1
  topType: 1
  mAtlas: {fileID: 11400000, guid: 3b6676d3458ed4ea8ba69c9f4f6faaac, type: 2}
  mSpriteName: ButtonStandardRedHighlight
  mFillCenter: 1
--- !u!1 &1807603563
GameObject:
  m_ObjectHideFlags: 0
  m_PrefabParentObject: {fileID: 100004, guid: ccfdc7fe87e044989bf3bb121e729c4d, type: 2}
  m_PrefabInternal: {fileID: 1526509125}
  serializedVersion: 4
  m_Component:
  - 4: {fileID: 1807603567}
  - 114: {fileID: 1807603566}
  - 114: {fileID: 1807603565}
  - 65: {fileID: 1807603564}
  m_Layer: 5
  m_Name: createChar
  m_TagString: Untagged
  m_Icon: {fileID: 0}
  m_NavMeshLayer: 0
  m_StaticEditorFlags: 0
  m_IsActive: 1
--- !u!65 &1807603564
BoxCollider:
  m_ObjectHideFlags: 0
  m_PrefabParentObject: {fileID: 6500000, guid: ccfdc7fe87e044989bf3bb121e729c4d,
    type: 2}
  m_PrefabInternal: {fileID: 1526509125}
  m_GameObject: {fileID: 1807603563}
  m_Material: {fileID: 0}
  m_IsTrigger: 1
  m_Enabled: 1
  serializedVersion: 2
  m_Size: {x: 364, y: 82, z: 0}
  m_Center: {x: 0, y: 0, z: 0}
--- !u!114 &1807603565
MonoBehaviour:
  m_ObjectHideFlags: 0
  m_PrefabParentObject: {fileID: 11400004, guid: ccfdc7fe87e044989bf3bb121e729c4d,
    type: 2}
  m_PrefabInternal: {fileID: 1526509125}
  m_GameObject: {fileID: 1807603563}
  m_Enabled: 1
  m_EditorHideFlags: 0
  m_Script: {fileID: 11500000, guid: 1fdca5042b1d12a4890ec1bd4f04290d, type: 3}
  m_Name: 
  m_EditorClassIdentifier: 
  tweenTarget: {fileID: 1807603563}
  hover: {r: .882352948, g: .784313738, b: .588235319, a: 1}
  pressed: {r: .717647076, g: .639215708, b: .482352942, a: 1}
  disabledColor: {r: .5, g: .5, b: .5, a: 1}
  duration: .200000003
  dragHighlight: 0
  hoverSprite: 
  pressedSprite: ButtonStandardRed
  disabledSprite: 
  hoverSprite2D: {fileID: 0}
  pressedSprite2D: {fileID: 0}
  disabledSprite2D: {fileID: 0}
  pixelSnap: 0
  onClick: []
--- !u!114 &1807603566
MonoBehaviour:
  m_ObjectHideFlags: 0
  m_PrefabParentObject: {fileID: 11400006, guid: ccfdc7fe87e044989bf3bb121e729c4d,
    type: 2}
  m_PrefabInternal: {fileID: 1526509125}
  m_GameObject: {fileID: 1807603563}
  m_Enabled: 1
  m_EditorHideFlags: 0
  m_Script: {fileID: 11500000, guid: 1b3dc54f924693f41b5cbecb267e647a, type: 3}
  m_Name: 
  m_EditorClassIdentifier: 
  leftAnchor:
    target: {fileID: 0}
    relative: 0
    absolute: 0
  rightAnchor:
    target: {fileID: 0}
    relative: 1
    absolute: 0
  bottomAnchor:
    target: {fileID: 0}
    relative: 0
    absolute: 0
  topAnchor:
    target: {fileID: 0}
    relative: 1
    absolute: 0
  updateAnchors: 1
  mColor: {r: 1, g: 1, b: 1, a: 1}
  mPivot: 4
  mWidth: 364
  mHeight: 82
  mDepth: 4
  autoResizeBoxCollider: 1
  hideIfOffScreen: 0
  keepAspectRatio: 0
  aspectRatio: 4.43902445
  mType: 1
  mFillDirection: 4
  mFillAmount: 1
  mInvert: 0
  mFlip: 0
  centerType: 1
  leftType: 1
  rightType: 1
  bottomType: 1
  topType: 1
  mAtlas: {fileID: 11400000, guid: 3b6676d3458ed4ea8ba69c9f4f6faaac, type: 2}
  mSpriteName: ButtonStandardRedHighlight
  mFillCenter: 1
--- !u!4 &1807603567
Transform:
  m_ObjectHideFlags: 0
  m_PrefabParentObject: {fileID: 400004, guid: ccfdc7fe87e044989bf3bb121e729c4d, type: 2}
  m_PrefabInternal: {fileID: 1526509125}
  m_GameObject: {fileID: 1807603563}
  m_LocalRotation: {x: 0, y: 0, z: 0, w: 1}
  m_LocalPosition: {x: 0, y: -298.000122, z: 0}
  m_LocalScale: {x: .999935985, y: .999935985, z: .999935985}
  m_Children:
  - {fileID: 1411088209}
  m_Father: {fileID: 1943967626}
  m_RootOrder: 3
--- !u!1 &1899054168
GameObject:
  m_ObjectHideFlags: 0
  m_PrefabParentObject: {fileID: 100014, guid: ccfdc7fe87e044989bf3bb121e729c4d, type: 2}
  m_PrefabInternal: {fileID: 1526509125}
  serializedVersion: 4
  m_Component:
  - 4: {fileID: 1899054169}
  - 114: {fileID: 1899054170}
  m_Layer: 5
  m_Name: SelChar
  m_TagString: Untagged
  m_Icon: {fileID: 0}
  m_NavMeshLayer: 0
  m_StaticEditorFlags: 0
  m_IsActive: 1
--- !u!4 &1899054169
Transform:
  m_ObjectHideFlags: 0
  m_PrefabParentObject: {fileID: 400014, guid: ccfdc7fe87e044989bf3bb121e729c4d, type: 2}
  m_PrefabInternal: {fileID: 1526509125}
  m_GameObject: {fileID: 1899054168}
  m_LocalRotation: {x: 0, y: 0, z: 0, w: 1}
  m_LocalPosition: {x: 0, y: 14, z: 0}
  m_LocalScale: {x: 1, y: 1, z: 1}
  m_Children: []
  m_Father: {fileID: 1943967626}
  m_RootOrder: 2
--- !u!114 &1899054170
MonoBehaviour:
  m_ObjectHideFlags: 0
  m_PrefabParentObject: {fileID: 11400020, guid: ccfdc7fe87e044989bf3bb121e729c4d,
    type: 2}
  m_PrefabInternal: {fileID: 1526509125}
  m_GameObject: {fileID: 1899054168}
  m_Enabled: 1
  m_EditorHideFlags: 0
  m_Script: {fileID: 11500000, guid: d5c5ca47aa5c01740810b7c66662099f, type: 3}
  m_Name: 
  m_EditorClassIdentifier: 
  leftAnchor:
    target: {fileID: 0}
    relative: 0
    absolute: 0
  rightAnchor:
    target: {fileID: 0}
    relative: 1
    absolute: 0
  bottomAnchor:
    target: {fileID: 0}
    relative: 0
    absolute: 0
  topAnchor:
    target: {fileID: 0}
    relative: 1
    absolute: 0
  updateAnchors: 1
  mColor: {r: 1, g: 1, b: 1, a: 1}
  mPivot: 4
  mWidth: 500
  mHeight: 500
  mDepth: 15
  autoResizeBoxCollider: 0
  hideIfOffScreen: 0
  keepAspectRatio: 0
  aspectRatio: 1
  mType: 0
  mFillDirection: 4
  mFillAmount: 1
  mInvert: 0
  mFlip: 0
  centerType: 1
  leftType: 1
  rightType: 1
  bottomType: 1
  topType: 1
  mRect:
    serializedVersion: 2
    x: 0
    y: 0
    width: 1
    height: 1
  mTexture: {fileID: 8400000, guid: 0b57fdfc84c8c4f8fbe9c563d040d3bf, type: 2}
  mMat: {fileID: 0}
  mShader: {fileID: 4800000, guid: e75727d9555d9d14ca51d91908c681bc, type: 3}
  mBorder: {x: 0, y: 0, z: 0, w: 0}
--- !u!1 &1911468916
GameObject:
  m_ObjectHideFlags: 0
  m_PrefabParentObject: {fileID: 100002, guid: d6a18b3e99f714f858694c8842124d11, type: 2}
  m_PrefabInternal: {fileID: 98848986}
  serializedVersion: 4
  m_Component:
  - 4: {fileID: 1911468917}
  - 114: {fileID: 1911468920}
  - 114: {fileID: 1911468919}
  - 65: {fileID: 1911468918}
  m_Layer: 5
  m_Name: NameInput
  m_TagString: Untagged
  m_Icon: {fileID: 0}
  m_NavMeshLayer: 0
  m_StaticEditorFlags: 0
  m_IsActive: 1
--- !u!4 &1911468917
Transform:
  m_ObjectHideFlags: 0
  m_PrefabParentObject: {fileID: 400002, guid: d6a18b3e99f714f858694c8842124d11, type: 2}
  m_PrefabInternal: {fileID: 98848986}
  m_GameObject: {fileID: 1911468916}
  m_LocalRotation: {x: 0, y: 0, z: 0, w: 1}
  m_LocalPosition: {x: -182, y: -166, z: 0}
  m_LocalScale: {x: 1, y: 1, z: 1}
  m_Children:
  - {fileID: 238407986}
  m_Father: {fileID: 1983417001}
  m_RootOrder: 3
--- !u!65 &1911468918
BoxCollider:
  m_ObjectHideFlags: 0
  m_PrefabParentObject: {fileID: 6500000, guid: d6a18b3e99f714f858694c8842124d11,
    type: 2}
  m_PrefabInternal: {fileID: 98848986}
  m_GameObject: {fileID: 1911468916}
  m_Material: {fileID: 0}
  m_IsTrigger: 1
  m_Enabled: 1
  serializedVersion: 2
  m_Size: {x: 357, y: 71, z: 0}
  m_Center: {x: 178.5, y: -35.5, z: 0}
--- !u!114 &1911468919
MonoBehaviour:
  m_ObjectHideFlags: 0
  m_PrefabParentObject: {fileID: 11400002, guid: d6a18b3e99f714f858694c8842124d11,
    type: 2}
  m_PrefabInternal: {fileID: 98848986}
  m_GameObject: {fileID: 1911468916}
  m_Enabled: 1
  m_EditorHideFlags: 0
  m_Script: {fileID: 11500000, guid: ac5060295fbd39b4a88d20d0c83d925e, type: 3}
  m_Name: 
  m_EditorClassIdentifier: 
  label: {fileID: 238407987}
  inputType: 0
  onReturnKey: 0
  keyboardType: 0
  hideInput: 0
  validation: 0
  characterLimit: 0
  savedAs: 
  selectOnTab: {fileID: 0}
  activeTextColor: {r: 1, g: 1, b: 1, a: 1}
  caretColor: {r: 1, g: 1, b: 1, a: .800000012}
  selectionColor: {r: 1, g: .874509811, b: .552941203, a: .5}
  onSubmit:
  - mTarget: {fileID: 1911468919}
    mMethodName: RemoveFocus
    mParameters: []
    oneShot: 0
  onChange: []
  mValue: "\u5211\u5929"
--- !u!114 &1911468920
MonoBehaviour:
  m_ObjectHideFlags: 0
  m_PrefabParentObject: {fileID: 11400004, guid: d6a18b3e99f714f858694c8842124d11,
    type: 2}
  m_PrefabInternal: {fileID: 98848986}
  m_GameObject: {fileID: 1911468916}
  m_Enabled: 1
  m_EditorHideFlags: 0
  m_Script: {fileID: 11500000, guid: 1b3dc54f924693f41b5cbecb267e647a, type: 3}
  m_Name: 
  m_EditorClassIdentifier: 
  leftAnchor:
    target: {fileID: 0}
    relative: 0
    absolute: 0
  rightAnchor:
    target: {fileID: 0}
    relative: 1
    absolute: 0
  bottomAnchor:
    target: {fileID: 0}
    relative: 0
    absolute: 0
  topAnchor:
    target: {fileID: 0}
    relative: 1
    absolute: 0
  updateAnchors: 1
  mColor: {r: 1, g: 1, b: 1, a: 1}
  mPivot: 0
  mWidth: 357
  mHeight: 71
  mDepth: 3
  autoResizeBoxCollider: 1
  hideIfOffScreen: 0
  keepAspectRatio: 0
  aspectRatio: 5.02816916
  mType: 1
  mFillDirection: 4
  mFillAmount: 1
  mInvert: 0
  mFlip: 0
  centerType: 1
  leftType: 1
  rightType: 1
  bottomType: 1
  topType: 1
  mAtlas: {fileID: 11400000, guid: 7fb477c7ecf7041569e94db5403bc423, type: 2}
  mSpriteName: ActiveSkillHousing
  mFillCenter: 1
--- !u!1 &1943967625
GameObject:
  m_ObjectHideFlags: 0
  m_PrefabParentObject: {fileID: 100010, guid: ccfdc7fe87e044989bf3bb121e729c4d, type: 2}
  m_PrefabInternal: {fileID: 1526509125}
  serializedVersion: 4
  m_Component:
  - 4: {fileID: 1943967626}
  - 114: {fileID: 1943967629}
  - 54: {fileID: 1943967628}
  - 114: {fileID: 1943967627}
  m_Layer: 5
  m_Name: CharSelect2
  m_TagString: Untagged
  m_Icon: {fileID: 0}
  m_NavMeshLayer: 0
  m_StaticEditorFlags: 0
  m_IsActive: 1
--- !u!4 &1943967626
Transform:
  m_ObjectHideFlags: 0
  m_PrefabParentObject: {fileID: 400010, guid: ccfdc7fe87e044989bf3bb121e729c4d, type: 2}
  m_PrefabInternal: {fileID: 1526509125}
  m_GameObject: {fileID: 1943967625}
  m_LocalRotation: {x: 0, y: 0, z: 0, w: 1}
  m_LocalPosition: {x: 0, y: 0, z: 0}
  m_LocalScale: {x: 1, y: 1, z: 1}
  m_Children:
  - {fileID: 1182930651}
  - {fileID: 1290764594}
  - {fileID: 1899054169}
  - {fileID: 1807603567}
  - {fileID: 1105703773}
  m_Father: {fileID: 1663586980}
  m_RootOrder: 1
--- !u!114 &1943967627
MonoBehaviour:
  m_ObjectHideFlags: 0
  m_PrefabParentObject: {fileID: 11400016, guid: ccfdc7fe87e044989bf3bb121e729c4d,
    type: 2}
  m_PrefabInternal: {fileID: 1526509125}
  m_GameObject: {fileID: 1943967625}
  m_Enabled: 1
  m_EditorHideFlags: 0
  m_Script: {fileID: 11500000, guid: 69453ddce31c447a4a87c1b73cb5448e, type: 3}
  m_Name: 
  m_EditorClassIdentifier: 
--- !u!54 &1943967628
Rigidbody:
  m_ObjectHideFlags: 0
  m_PrefabParentObject: {fileID: 5400000, guid: ccfdc7fe87e044989bf3bb121e729c4d,
    type: 2}
  m_PrefabInternal: {fileID: 1526509125}
  m_GameObject: {fileID: 1943967625}
  serializedVersion: 2
  m_Mass: 1
  m_Drag: 0
  m_AngularDrag: .0500000007
  m_UseGravity: 0
  m_IsKinematic: 1
  m_Interpolate: 0
  m_Constraints: 0
  m_CollisionDetection: 0
--- !u!114 &1943967629
MonoBehaviour:
  m_ObjectHideFlags: 0
  m_PrefabParentObject: {fileID: 11400018, guid: ccfdc7fe87e044989bf3bb121e729c4d,
    type: 2}
  m_PrefabInternal: {fileID: 1526509125}
  m_GameObject: {fileID: 1943967625}
  m_Enabled: 1
  m_EditorHideFlags: 0
  m_Script: {fileID: 11500000, guid: ae942c9068183dc40a9d01f648273726, type: 3}
  m_Name: 
  m_EditorClassIdentifier: 
  leftAnchor:
    target: {fileID: 0}
    relative: 0
    absolute: 0
  rightAnchor:
    target: {fileID: 0}
    relative: 1
    absolute: 0
  bottomAnchor:
    target: {fileID: 0}
    relative: 0
    absolute: 0
  topAnchor:
    target: {fileID: 0}
    relative: 1
    absolute: 0
  updateAnchors: 1
  showInPanelTool: 1
  generateNormals: 0
  widgetsAreStatic: 0
  cullWhileDragging: 1
  alwaysOnScreen: 0
  anchorOffset: 0
  softBorderPadding: 1
  renderQueue: 0
  startingRenderQueue: 3000
  mAlpha: 1
  mClipping: 0
  mClipRange: {x: 0, y: 0, z: 300, w: 200}
  mClipSoftness: {x: 4, y: 4}
  mDepth: 0
  mSortingOrder: 0
  mClipOffset: {x: 0, y: 0}
--- !u!1 &1983417000
GameObject:
  m_ObjectHideFlags: 0
  m_PrefabParentObject: {fileID: 100008, guid: d6a18b3e99f714f858694c8842124d11, type: 2}
  m_PrefabInternal: {fileID: 98848986}
  serializedVersion: 4
  m_Component:
  - 4: {fileID: 1983417001}
  - 114: {fileID: 1983417004}
  - 54: {fileID: 1983417003}
  - 114: {fileID: 1983417002}
  m_Layer: 5
  m_Name: CharCreate
  m_TagString: Untagged
  m_Icon: {fileID: 0}
  m_NavMeshLayer: 0
  m_StaticEditorFlags: 0
  m_IsActive: 1
--- !u!4 &1983417001
Transform:
  m_ObjectHideFlags: 0
  m_PrefabParentObject: {fileID: 400008, guid: d6a18b3e99f714f858694c8842124d11, type: 2}
  m_PrefabInternal: {fileID: 98848986}
  m_GameObject: {fileID: 1983417000}
  m_LocalRotation: {x: 0, y: 0, z: 0, w: 1}
  m_LocalPosition: {x: 0, y: 0, z: 0}
  m_LocalScale: {x: 1, y: 1, z: 1}
  m_Children:
  - {fileID: 1331653058}
  - {fileID: 901819282}
  - {fileID: 1775547305}
  - {fileID: 1911468917}
  - {fileID: 1294905978}
  - {fileID: 668678276}
  - {fileID: 1603856202}
  m_Father: {fileID: 1663586980}
  m_RootOrder: 2
--- !u!114 &1983417002
MonoBehaviour:
  m_ObjectHideFlags: 0
  m_PrefabParentObject: {fileID: 11400006, guid: d6a18b3e99f714f858694c8842124d11,
    type: 2}
  m_PrefabInternal: {fileID: 98848986}
  m_GameObject: {fileID: 1983417000}
  m_Enabled: 1
  m_EditorHideFlags: 0
  m_Script: {fileID: 11500000, guid: 0ccb03dcfc2b045ee82f81e199099196, type: 3}
  m_Name: 
  m_EditorClassIdentifier: 
--- !u!54 &1983417003
Rigidbody:
  m_ObjectHideFlags: 0
  m_PrefabParentObject: {fileID: 5400000, guid: d6a18b3e99f714f858694c8842124d11,
    type: 2}
  m_PrefabInternal: {fileID: 98848986}
  m_GameObject: {fileID: 1983417000}
  serializedVersion: 2
  m_Mass: 1
  m_Drag: 0
  m_AngularDrag: .0500000007
  m_UseGravity: 0
  m_IsKinematic: 1
  m_Interpolate: 0
  m_Constraints: 0
  m_CollisionDetection: 0
--- !u!114 &1983417004
MonoBehaviour:
  m_ObjectHideFlags: 0
  m_PrefabParentObject: {fileID: 11400010, guid: d6a18b3e99f714f858694c8842124d11,
    type: 2}
  m_PrefabInternal: {fileID: 98848986}
  m_GameObject: {fileID: 1983417000}
  m_Enabled: 1
  m_EditorHideFlags: 0
  m_Script: {fileID: 11500000, guid: ae942c9068183dc40a9d01f648273726, type: 3}
  m_Name: 
  m_EditorClassIdentifier: 
  leftAnchor:
    target: {fileID: 0}
    relative: 0
    absolute: 0
  rightAnchor:
    target: {fileID: 0}
    relative: 1
    absolute: 0
  bottomAnchor:
    target: {fileID: 0}
    relative: 0
    absolute: 0
  topAnchor:
    target: {fileID: 0}
    relative: 1
    absolute: 0
  updateAnchors: 1
  showInPanelTool: 1
  generateNormals: 0
  widgetsAreStatic: 0
  cullWhileDragging: 1
  alwaysOnScreen: 0
  anchorOffset: 0
  softBorderPadding: 1
  renderQueue: 0
  startingRenderQueue: 3005
  mAlpha: 1
  mClipping: 0
  mClipRange: {x: 0, y: 0, z: 300, w: 200}
  mClipSoftness: {x: 4, y: 4}
  mDepth: 0
  mSortingOrder: 0
  mClipOffset: {x: 0, y: 0}
--- !u!1 &2034504866
GameObject:
  m_ObjectHideFlags: 0
  m_PrefabParentObject: {fileID: 0}
  m_PrefabInternal: {fileID: 0}
  serializedVersion: 4
  m_Component:
  - 4: {fileID: 2034504869}
  - 20: {fileID: 2034504868}
  - 114: {fileID: 2034504867}
  m_Layer: 8
  m_Name: Camera
  m_TagString: Untagged
  m_Icon: {fileID: 0}
  m_NavMeshLayer: 0
  m_StaticEditorFlags: 0
  m_IsActive: 1
--- !u!114 &2034504867
MonoBehaviour:
  m_ObjectHideFlags: 0
  m_PrefabParentObject: {fileID: 0}
  m_PrefabInternal: {fileID: 0}
  m_GameObject: {fileID: 2034504866}
  m_Enabled: 1
  m_EditorHideFlags: 0
  m_Script: {fileID: 11500000, guid: 2a92b5d748695fd44aac9feef17ba415, type: 3}
  m_Name: 
  m_EditorClassIdentifier: 
  eventType: 1
  eventReceiverMask:
    serializedVersion: 2
    m_Bits: 4294967295
  debug: 0
  useMouse: 1
  useTouch: 1
  allowMultiTouch: 1
  useKeyboard: 1
  useController: 1
  stickyTooltip: 1
  tooltipDelay: 1
  mouseDragThreshold: 4
  mouseClickThreshold: 10
  touchDragThreshold: 40
  touchClickThreshold: 40
  rangeDistance: -1
  scrollAxisName: Mouse ScrollWheel
  verticalAxisName: Vertical
  horizontalAxisName: Horizontal
  submitKey0: 13
  submitKey1: 330
  cancelKey0: 27
  cancelKey1: 331
--- !u!20 &2034504868
Camera:
  m_ObjectHideFlags: 0
  m_PrefabParentObject: {fileID: 0}
  m_PrefabInternal: {fileID: 0}
  m_GameObject: {fileID: 2034504866}
  m_Enabled: 1
  serializedVersion: 2
  m_ClearFlags: 3
  m_BackGroundColor: {r: .5, g: .5, b: .5, a: 1}
  m_NormalizedViewPortRect:
    serializedVersion: 2
    x: 0
    y: 0
    width: 1
    height: 1
  near clip plane: -10
  far clip plane: 10
  field of view: 60
  orthographic: 1
  orthographic size: 1
  m_Depth: 1
  m_CullingMask:
    serializedVersion: 2
    m_Bits: 256
  m_RenderingPath: -1
  m_TargetTexture: {fileID: 0}
  m_TargetDisplay: 0
  m_HDR: 0
  m_OcclusionCulling: 1
  m_StereoConvergence: 10
  m_StereoSeparation: .0219999999
--- !u!4 &2034504869
Transform:
  m_ObjectHideFlags: 0
  m_PrefabParentObject: {fileID: 0}
  m_PrefabInternal: {fileID: 0}
  m_GameObject: {fileID: 2034504866}
  m_LocalRotation: {x: 0, y: 0, z: 0, w: 1}
  m_LocalPosition: {x: 0, y: 0, z: 0}
  m_LocalScale: {x: 1, y: 1, z: 1}
  m_Children: []
  m_Father: {fileID: 1663586980}
  m_RootOrder: 0
--- !u!1 &2034573026
GameObject:
  m_ObjectHideFlags: 0
  m_PrefabParentObject: {fileID: 163246, guid: d6a18b3e99f714f858694c8842124d11, type: 2}
  m_PrefabInternal: {fileID: 98848986}
  serializedVersion: 4
  m_Component:
  - 4: {fileID: 2034573027}
  - 114: {fileID: 2034573028}
  m_Layer: 5
  m_Name: Background
  m_TagString: Untagged
  m_Icon: {fileID: 0}
  m_NavMeshLayer: 0
  m_StaticEditorFlags: 0
  m_IsActive: 1
--- !u!4 &2034573027
Transform:
  m_ObjectHideFlags: 0
  m_PrefabParentObject: {fileID: 463246, guid: d6a18b3e99f714f858694c8842124d11, type: 2}
  m_PrefabInternal: {fileID: 98848986}
  m_GameObject: {fileID: 2034573026}
  m_LocalRotation: {x: 0, y: 0, z: 0, w: 1}
  m_LocalPosition: {x: 100, y: -0, z: 0}
  m_LocalScale: {x: 1, y: 1, z: 1}
  m_Children: []
  m_Father: {fileID: 1294905978}
  m_RootOrder: 0
--- !u!114 &2034573028
MonoBehaviour:
  m_ObjectHideFlags: 0
  m_PrefabParentObject: {fileID: 11463260, guid: d6a18b3e99f714f858694c8842124d11,
    type: 2}
  m_PrefabInternal: {fileID: 98848986}
  m_GameObject: {fileID: 2034573026}
  m_Enabled: 1
  m_EditorHideFlags: 0
  m_Script: {fileID: 11500000, guid: 1b3dc54f924693f41b5cbecb267e647a, type: 3}
  m_Name: 
  m_EditorClassIdentifier: 
  leftAnchor:
    target: {fileID: 0}
    relative: 0
    absolute: 0
  rightAnchor:
    target: {fileID: 0}
    relative: 1
    absolute: 0
  bottomAnchor:
    target: {fileID: 0}
    relative: 0
    absolute: 0
  topAnchor:
    target: {fileID: 0}
    relative: 1
    absolute: 0
  updateAnchors: 1
  mColor: {r: .656716406, g: .552408397, b: .352862537, a: 1}
  mPivot: 4
  mWidth: 230
  mHeight: 34
  mDepth: 7
  autoResizeBoxCollider: 0
  hideIfOffScreen: 0
  keepAspectRatio: 0
  aspectRatio: 6.76470566
  mType: 1
  mFillDirection: 4
  mFillAmount: 1
  mInvert: 0
  mFlip: 0
  centerType: 1
  leftType: 1
  rightType: 1
  bottomType: 1
  topType: 1
  mAtlas: {fileID: 11400000, guid: 3b6676d3458ed4ea8ba69c9f4f6faaac, type: 2}
  mSpriteName: ButtonStandardRed
  mFillCenter: 1
